2722 4762
279 376 544 440 conlclnus
569 377 628 440 ET
654 376 982 444 EDITIONIBUS.
1091 391 1175 473 xxri'p

110 509 154 571 Ab
168 508 266 571 iisdem
280 508 354 568 odiis
364 507 507 589 proticisci
515 506 610 569 debuit
620 507 691 584 boc,
707 509 803 592 quod,
815 512 931 573 Mureto
945 512 1026 589 plane
1035 514 1166 591 deserto,

109 607 208 668 iterum
222 606 256 666 ad
271 606 405 666 Aldinam
421 605 539 687 primam
549 626 676 669 reversus
686 619 748 682 est,
759 629 875 690 eamque
885 609 987 671 iterum
1000 634 1017 672 a
1030 635 1060 675 se
1072 635 1168 678 emen-

110 706 194 770 datam
208 705 304 787 operis
323 703 514 767 exendmdam
536 701 658 767 tradidit
671 707 745 768 Nam
764 729 799 770 ex
817 708 884 769 Ald.
903 699 948 787 pr.
962 711 1166 795 Scaligeranam

110 804 214 864 ducum
229 823 291 863 esse
311 800 422 883 liquido
443 801 513 863 mibi
535 823 612 864 nune
632 817 758 878 constat;
776 828 835 888 quo
855 807 919 889 ipso
934 807 1038 870 factum
1057 825 1118 888 est,
1134 826 1168 874 ut

108 902 241 985 piurima,
260 925 326 985 quae
342 902 372 961 in
397 901 465 964 nid.
480 923 538 963 sec.
557 895 693 966 etmoxa
711 906 827 967 Mureto
842 907 955 989 egregie
969 922 1049 970 erunt
1065 932 1166 975 emen-

107 1005 180 1076 data,
190 1025 268 1065 nune
276 1001 381 1063 iterum
387 1002 510 1084 antiquis
518 1001 650 1065 sordibus
658 1003 835 1086 coinquinata
843 1006 1048 1088 proferrentur.
1056 1013 1167 1086 Quum-

108 1124 158 1183 que
177 1102 324 1187 Soriigero
344 1123 442 1164 sensus
461 1101 617 1164 Tibuiiiani
632 1102 763 1165 candoris
784 1126 816 1165 ac
834 1105 1019 1184 simpiieitatia
1034 1109 1166 1183 deesset,

108 1204 243 1266 doetrinae
264 1215 364 1264 contra
383 1202 529 1285 exquisitae
550 1204 643 1286 copiae
662 1205 806 1279 maximo,
821 1206 908 1266 multa
924 1206 973 1267 iiie
989 1208 1107 1270 mutavit
1119 1223 1168 1270 aut

107 1301 216 1363 refinxit
233 1303 319 1364 docte
338 1301 472 1384 quidem,
487 1302 552 1385 quis
565 1305 670 1387 neget?
683 1303 829 1364 interdum
844 1305 926 1365 etiam
938 1306 1101 1388 ingeniose,
1117 1309 1168 1368 sed

107 1400 233 1460 aTibulli
243 1401 328 1484 genio
338 1400 501 1462 abhorrenti
510 1423 591 1463 more
601 1402 755 1483 modoque.
764 1404 863 1477 Quum
870 1407 1168 1467 tarnenBronbbusius

108 1520 166 1561 enm
180 1500 315 1582 religiose
329 1510 475 1580 sequatur,
487 1500 662 1582 Scaligerana
674 1501 824 1576 recensio,
837 1502 917 1583 quod
927 1503 1033 1564 nollem
1044 1503 1166 1578 iactum,

108 1597 398 1682 propensunussiun
413 1617 557 1674 perperam
568 1599 664 1662 baberi
676 1599 800 1681 ooepitu
1145 1583 1147 1599 ,

147 1725 162 1753 e
179 1699 306 1776 Scaliger
314 1709 372 1761 tres
385 1697 474 1760 libros
485 1697 583 1759 babuit
595 1722 602 1758 ε
615 1720 738 1781 quornm
752 1698 837 1760 nnius
847 1698 928 1776 copia
937 1699 991 1782 ipsi
1002 1699 1073 1762 sacta
1082 1715 1168 1765 erata

109 1799 166 1858 dae·
180 1794 318 1877 anaoio,
334 1796 479 1863 JCtorum
495 1797 637 1878 principe,
653 1797 775 1858 recentis
788 1796 864 1857 illins
886 1809 914 1858 et
933 1799 1018 1876 panio
1038 1812 1103 1861 ante
1121 1805 1167 1884 ty-

109 1894 304 1977 pognphioen
323 1907 413 1959 artem
435 1895 577 1959 inuentam
597 1895 712 1978 scripti,
728 1919 787 1978 quo
805 1910 900 1958 tamen
916 1898 1062 1959 meliorem
1080 1897 1166 1961 bodie

109 2007 214 2057 exstare
227 2016 286 2061 nou
304 1993 430 2077 putabat·
450 1996 530 2057 ldem
547 2007 678 2078 excerpta
690 2007 868 2074 pervetusta,
884 1996 915 2057 in
930 1997 1167 2060 Chrestomatbiae

110 2091 236 2158 tibine
249 2091 373 2172 speoirau
386 2091 551 2168 potissimos
566 2093 646 2154 locos
659 2092 820 2174 complexa,
831 2094 973 2169 possedit,
986 2093 1088 2175 quibus
1099 2095 1167 2176 piu-

107 2189 207 2252 rimnm
228 2212 259 2252 se
276 2189 405 2272 adjutum
422 2211 501 2265 esse,
517 2201 645 2252 testator.
658 2193 705 2252 De
725 2191 777 2267 iis,
793 2215 857 2273 quae
872 2193 1083 2267 monuerimus,
1101 2193 1166 2256 uide

107 2291 140 2351 ad
159 2293 211 2364 11,
232 2287 269 2363 b,
289 2309 335 2372 ¹9·
356 2288 414 2349 Sed
434 2288 460 2352 ei
478 2286 668 2369 fragmentum
689 2311 804 2370 quoque
823 2293 1014 2371 peroptimum
1033 2304 1063 2353 et
1083 2302 1166 2372 qnam

107 2388 381 2462 mendatissimum‚
401 2408 417 2446 a
435 2398 533 2466 quarta
552 2385 617 2447 libri
635 2386 712 2448 tertii
731 2388 819 2472 elegia
837 2388 975 2450 adfinem
992 2411 1081 2471 usqne
1101 2390 1167 2450 libri

108 2486 215 2566 qunrti,
232 2483 442 2547 commodatum
455 2495 514 2546 erat
525 2482 560 2543 ob
572 2483 673 2545 eodem
688 2504 792 2564 nmgno
805 2483 944 2565 cujacio,
958 2507 1018 2567 quo
1034 2488 1167 2548 emenda-

107 2586 163 2648 tius
174 2586 266 2649 ullum
278 2584 427 2667 antiquum
439 2583 579 2660 exemplar
594 2583 687 2666 legere
701 2604 763 2643 non
777 2583 950 2644 meminerat.
966 2584 1053 2644 Liber
1069 2588 1094 2646 is
1109 2588 1167 2647 fere

109 2685 261 2747 lectionem
275 2705 366 2747 ream
385 2694 414 2744 et
431 2681 582 2767 genuinam
599 2679 729 2752 exbibet3
740 2680 791 2739 sed
805 2680 949 2740 interdum
968 2682 1050 2761 piane
1066 2684 1168 2744 areli·

112 2805 235 2865 quornm
249 2785 371 2843 omnium
387 2780 511 2842 lectione
522 2777 658 2850 discedit;
675 2789 708 2836 ut
718 2789 811 2836 tamen
825 2797 879 2838 ner
894 2799 1005 2861 semper
1019 2800 1120 2841 eornm
1129 2783 1165 2840 fi-

110 2883 175 2945 dem
189 2884 294 2945 elevare
307 2882 442 2944 rideatur.
454 2877 527 2938 Vide
542 2876 578 2937 ad
591 2878 644 2949 Ν,
662 2896 697 2949 1,
716 2876 789 2958 175,
805 2893 933 2950 ποίην,
949 2897 1069 2954 ro;vt‚
1088 2881 1161 2943 ab.»

153 2975 1167 3065 ePnssemtiusinpaueulis,qnasinTibuliumconscripsit,notissaepe
1270 2999 1277 3025 ⁸

109 3105 126 3144 e
140 3094 236 3145 vetere
253 3079 328 3142 libro
346 3080 485 3142 lectiones
504 3087 663 3137 memorat:
681 3096 765 3156 quem
778 3076 955 3156 rpemiiarem
972 3077 1060 3159 ipsius
1081 3081 1167 3144 fnisse

109 3184 192 3245 etiam
207 3178 391 3242 Broukbusio
404 3198 565 3256 persuasum
574 3175 639 3236 init.
657 3175 723 3256 Ego
733 3184 826 3232 umen
841 3173 969 3241 nondum
984 3174 1081 3238 induci
1096 3203 1166 3257 1³0⁸·

109 3301 191 3350 sum,
209 3288 243 3338 ut
259 3298 324 3339 eum
342 3275 415 3336 libro
433 3295 517 3334 nsum
536 3269 743 3335 merendam:
761 3268 812 3330 sed
831 3270 928 3345 potius
944 3270 979 3331 de
998 3275 1167 3336 variantibus

111 3376 195 3439 Statii
211 3387 261 3436 aut
276 3372 390 3435 alterius
401 3371 581 3454 superiorum
596 3370 783 3447 interpretum
796 3367 946 3450 intelligo,
960 3373 1073 3450 quando
1084 3388 1167 3437 vete.

109 3499 170 3539 rem
185 3476 288 3537 ibrum
304 3474 405 3536 laudat.
423 3473 529 3544 Certe,
545 3481 689 3553 quotquot
705 3470 802 3530 barum
813 3467 969 3530 variantum
990 3477 1166 3555 comparavi,

111 3597 176 3636 omi
191 3596 251 3637 uno
267 3573 391 3636 alterove
403 3571 486 3633 Statii
500 3569 574 3632 iibro
591 3569 743 3631 convenire
754 3566 832 3631 ridi:
849 3566 904 3628 nisi
920 3571 998 3651 quod
1014 3574 1044 3647 Ι,
1059 3594 1094 3647 a,
1112 3595 1166 3659 79,
1242 3581 1245 3589 '

111 3695 145 3735 ex
159 3675 234 3736 libro
248 3672 346 3735 affert:

272 3829 343 3881 Num
354 3826 461 3879 Veneris
472 3844 565 3898 magno
577 3824 670 3877 violavi
681 3824 786 3877 numina
796 3822 885 3892 verbo,

78 4013 84 4016 ’
115 3977 192 4057 qnod
203 3976 311 4039 anullo
325 3976 381 4038 alio
395 3985 580 4038 memoratum
591 3972 664 4048 vidi3
680 3984 712 4032 ut
729 3974 799 4046 etl,
813 3970 850 4045 3,
865 3992 900 4045 a,
914 3980 996 4050 tuque
1005 3993 1058 4047 pro
1071 3975 1139 4055 ι’ρει.
1152 4000 1167 4029 s

156 4099 175 4129 α
185 4076 280 4136 Etiam
294 4074 388 4135 Jnnus
400 4073 502 4136 Dousn
515 4070 588 4132 filins
603 4069 676 4133 libro
691 4081 787 4137 vetere
802 4090 856 4144 suo
872 4091 903 4132 se
916 4066 960 4131 uti
976 4069 1124 4152 profitetur
1140 4071 1170 4130 in
