2722 4762
266 329 531 392 conrernus
556 331 619 401 ur¹
641 294 970 399 nnrr'rournus.
1075 334 1152 419 rus,

130 463 164 524 C.
178 462 240 522 Vol.
257 460 362 521 Catulli
380 458 575 533 Veronensis,
592 459 663 520 liber
681 462 706 519 1.
724 459 791 520 Alb.
809 459 918 521 Tibulli
935 461 1048 542 Equitis
1064 466 1153 526 Rom.

92 567 152 629 libri
164 571 215 629 lV.
232 569 298 628 Sex.
310 567 420 627 Aurelii
432 566 573 645 Propertii
582 567 706 640 Umbri,
723 566 787 628 libri
801 568 851 627 Ν.
863 567 921 629 Cn.
937 567 1066 629 Cornelii
1076 572 1154 634 Galli

91 669 252 752 [ragrnents
283 668 406 727 Busileoe
433 666 588 728 excudebat
613 668 753 729 Henrieus
781 669 883 730 Petrus
909 689 1006 730 mense
1023 672 1152 748 Martio,

96 768 191 844 1530,
210 765 307 829 in-80.
1139 758 1143 765 ⁸

131 869 262 947 Repetita
278 879 323 927 est
335 889 371 949 ex
382 866 487 927 Aldina
501 868 589 947 prima
603 867 638 929 ad
651 867 800 927 secundam
820 867 921 948 passim
938 882 1083 944 correcta,
1093 858 1154 933 'sed

92 989 187 1050 parum
204 967 375 1049 diligenter:
396 986 452 1025 una
467 987 531 1025 cum
546 965 631 1027 altera
649 962 726 1048 1539
740 966 872 1044 repetita;
891 967 981 1028 multo
997 970 1154 1030 111111111-

92 1066 255 1149 diligentius
277 1064 393 1146 triginta
413 1063 492 1123 annis
507 1069 575 1140 post
593 1061 670 1146 1569
686 1085 802 1139 recuso,
820 1088 884 1148 quae
898 1065 1077 1127 vitiosissima
1092 1080 1155 1144 est,

93 1185 180 1244 quum
191 1165 329 1222 Horatius
337 1159 520 1232 Tuseanella,
537 1159 585 1241 qui
596 1180 655 1221 earn
667 1160 790 1234 curavit,
802 1162 916 1240 ineptus
925 1162 1030 1238 bomo,
1042 1164 1077 1223 ad
1087 1164 1156 1226 rbe-

92 1259 195 1320 torices
212 1272 352 1341 praecepta
367 1272 464 1340 poetas
480 1260 533 1320 lros
551 1261 644 1341 exegit
658 1271 688 1319 et
703 1260 797 1321 indice
813 1261 989 1342 singulorum
1004 1261 1156 1334 uerborum

92 1356 124 1416 ud
140 1357 283 1438 Erythraei
298 1356 456 1437 exemplum
476 1355 507 1414 in
522 1354 646 1437 Virgilio
661 1357 748 1417 stulte
762 1355 905 1417 instruxit.
922 1359 1054 1434 Repetitn
1075 1359 1159 1420 etiam

44 1470 47 1481 ·
94 1454 153 1513 baee
170 1465 215 1512 est
234 1451 326 1535 1592,
342 1453 395 1513 etsi
412 1473 445 1513 ex
459 1451 644 1536 Scaligerauis
664 1453 732 1515 binc
747 1451 825 1514 illinc
842 1465 987 1528 correcto,
1003 1467 1096 1514 tumen
1112 1454 1158 1516 vel

98 1548 136 1609 rie
153 1550 236 1610 nullo
249 1551 315 1612 loeo
329 1549 461 1611 habenda

136 1658 281 1732 Catullus,
299 1656 431 1718 Tibullus
441 1670 454 1730 ,¹
471 1658 656 1738 Propertius,
674 1679 725 1737 per
733 1660 838 1721 Meleh.
851 1663 962 1723 Sessam
976 1663 1159 1738 Muxxxl,

98 1771 141 1814 xx
153 1757 373 1834 septVenetiis,
391 1753 488 1830 1531,
505 1755 599 1815 in-80.

134 1863 270 1945 Sequitur
288 1884 366 1924 nunc
381 1862 540 1924 editionum
556 1883 645 1946 penus
663 1884 723 1924 non
735 1865 992 1937 contemnendum,
1012 1866 1160 1950 Gryphia-

97 1985 183 2036 num,
198 1963 277 2044 qnod
290 1975 384 2024 tamen
398 1975 492 2024 totum
506 1985 540 2024 er
549 1962 655 2024 Aldina
668 1964 783 2046 priore,
796 1987 846 2026 seu
860 1986 894 2025 ex
905 1965 1079 2042 Basileensi,
1096 1990 1161 2050 quse

96 2064 162 2124 inde
172 2064 312 2143 descripta
325 2078 402 2137 erat,
415 2064 531 2126 ducturo
545 2076 604 2155 est,
621 2064 674 2125 etsi
686 2065 788 2142 passim
802 2087 836 2127 er
846 2066 984 2141 secundi,
998 2068 1160 2150 insequio-

96 2163 172 2225 ribus
189 2164 272 2225 etiam
288 2184 324 2225 ex
340 2164 482 2225 Muretina
498 2162 706 2240 interpolatum.
792 2201 795 2209 r
1143 2224 1145 2226 ,

138 2275 286 2339 Catullus.
309 2271 462 2345 Tibullus,
480 2273 646 2354 Propertius
665 2293 736 2333 cum
747 2272 834 2335 Gallo
857 2276 931 2352 apud
952 2275 1059 2338 Sebast.
1077 2279 1160 2363 Gry-

96 2372 195 2451 phium
208 2373 340 2451 Lugdtrrri
347 2414 356 2446 ,
371 2369 466 2445 1534,
479 2369 567 2431 in-80.
581 2426 587 2435 ,
760 2368 761 2371 “

138 2471 269 2548 Repetite
285 2491 317 2530 ea
331 2482 374 2530 est
389 2468 536 2550 aliquoties
556 2467 641 2526 simili
657 2467 747 2526 lormu
760 2480 805 2527 est
827 2465 919 2550 1537,
940 2470 1038 2545 1542,
1063 2473 1157 2550 1544,

102 2567 301 2645 1546,1548,
320 2567 392 2628 1551
409 2561 685 2643 (51111111555),
705 2560 801 2635 1551,
821 2562 1040 2649 1571111573.

141 2667 288 2740 Catullus,
300 2665 449 2738 Tibullus,
460 2661 636 2741 Propertius.
647 2662 701 2720 His
710 2672 888 2720 accesserunt
898 2662 990 2722 Corn.
999 2665 1075 2725 Galli
1085 2666 1159 2750 frag-

100 2777 206 2826 menta
234 2766 303 2826 Post
322 2786 422 2825 omnes
446 2762 573 2824 omnium
597 2759 736 2821 editiones
766 2779 872 2819 summa
896 2759 995 2823 denuo
1017 2762 1161 2848 vigitant'u

101 2862 253 2947 recogniti.
268 2865 391 2924 Venetiis
405 2864 479 2946 apud
497 2861 704 2944 Hieronymum
716 2859 856 2932 Scotum,
874 2857 969 2943 1549,
987 2858 1079 2925 in-80.

142 2974 295 3053 Splendidu
308 2974 358 3035 sed
372 2995 440 3034 vana
452 2969 602 3052 professio.
621 2963 821 3054 EGrypbiana
835 2971 953 3048 repetitu
967 2984 1011 3034 est
1025 2974 1060 3034 ad
1075 2974 1159 3036 Aldi-

103 3095 167 3134 oam
183 3073 331 3134 secundam
345 3083 480 3133 correcta.

142 3171 257 3249 Excipit
268 3172 316 3233 bas
329 3171 434 3232 Mureti
447 3169 575 3232 recensio
589 3165 755 3231 doctissime
760 3166 849 3251 lucta,
862 3165 913 3229 sed
923 3168 1027 3231 Aldina
1041 3172 1163 3237 seeunda

105 3293 159 3349 pro
173 3271 261 3331 fundo
273 3271 420 3331 substrata.
437 3269 527 3329 Multa
540 3290 556 3327 a
568 3267 631 3328 viro
646 3269 702 3330 boe
718 3267 851 3351 sagaciter
865 3269 965 3346 partim
979 3292 996 3331 e
1008 3271 1103 3335 crisim
1117 3297 1164 3336 η-

105 3372 201 3446 tione,
213 3372 314 3449 partim
331 3392 364 3431 ex
377 3360 519 3431 veteribus
534 3369 646 3447 scriptis
660 3380 690 3429 et
703 3367 786 3429 editis
800 3369 961 3447 emendata,
971 3386 1003 3434 ut
1015 3397 1098 3453 supra
1110 3378 1165 3458 jun

107 3468 212 3529 dietum
230 3480 283 3528 est.
297 3466 444 3529 Prodierat
460 3464 599 3543 primum:

145 3567 275 3628 Catrrllus
294 3578 323 3626 et
342 3565 372 3625 in
391 3587 455 3626 eum
478 3562 695 3625 commentarius
720 3565 763 3624 bl.
784 3564 856 3639 Ant.
878 3567 994 3628 Mureti.
1020 3571 1161 3645 Venetiis,

107 3665 219 3727 Paullus
231 3666 375 3728 Manutius
393 3664 509 3728 Alditit.
526 3662 623 3738 1554,
637 3662 728 3724 itt-8⁰.

147 3769 233 3850 leque
247 3767 326 3829 solus
336 3810 350 3838 ,.
367 3767 428 3827 sine
442 3767 562 3838 ceteris,
579 3787 643 3825 mm
659 3785 756 3826 rerum
772 3786 832 3827 non
849 3777 912 3841 est,
932 3768 988 3850 jam
1008 3777 1069 3827 tum
1089 3766 1162 3828 duos

109 3867 233 3950 reliquos
247 3879 345 3950 poetas
362 3867 532 3949 conjunctos
549 3863 658 3926 exiisse.
675 3864 732 3924 Sed
747 3864 895 3946 insequuta
912 3877 957 3928 est
975 3853 1076 3944 quarto
1089 3885 1167 3930 auno

112 3964 215 4039 editio,
233 3965 266 4027 in
279 3988 334 4046 qua
343 3963 475 4026 Tibullus
489 3975 518 4022 et
529 3960 695 4038 Propertius
707 3982 864 4023 accessere:

152 4073 282 4135 Catullus
299 4083 330 4133 et
347 4072 378 4132 in
395 4092 460 4132 eum
477 4069 692 4133 commentarius
711 4072 752 4131 Μ.
773 4072 843 4130 Ant.
861 4068 976 4128 Mureti.
998 4067 1046 4131 Ab
1066 4073 1169 4137 eodem
