2722 4762
347 520 471 650 nn
532 446 936 660 rrssu‘nnl
1063 548 1065 550 ·

130 829 507 918 CODICIBUS
547 833 627 918 ΕΤ
670 834 1171 925 EDITIONIBUS.

497 1077 783 1106 -Φ-ῆ

111 1383 142 1486 J
144 1438 187 1482 os.
204 1423 346 1507 Scaliger,
361 1425 391 1484 in
406 1424 557 1488 Curionum.
572 1450 602 1505 p.
615 1425 691 1503 216,
705 1428 745 1487 ait
758 1450 765 1487 ε
782 1455 796 1482 κ
806 1427 884 1510 Lege
893 1425 978 1491 vitam
989 1437 1082 1504 poetae
1099 1424 1171 1503 apud
1250 1426 1252 1435 ’

113 1548 127 1576 ι
144 1523 298 1607 Gyraldum
309 1548 317 1598 ς
327 1523 368 1584 ibi
377 1523 484 1588 videbis
499 1525 648 1604 exemplar,
657 1549 690 1588 ex
702 1548 760 1608 quo
775 1526 870 1587 omnia
881 1548 946 1608 quae
962 1523 1070 1585 Tibulli
1085 1524 1171 1586 bodie

113 1647 127 1674 υ
144 1635 254 1684 exstant
276 1636 429 1707 propagata
452 1638 534 1702 sunt,
552 1624 661 1709 aliquot
676 1625 797 1711 pagellis
814 1624 1013 1703 transpositis,
1031 1621 1173 1684 turbatum

113 1751 127 1777 ιι
142 1723 225 1784 inisse
239 1750 265 1783 n.
285 1726 358 1800 Quis
374 1747 435 1788 non
451 1727 481 1787 in
497 1726 580 1787 verba
596 1727 667 1788 tanti
688 1728 814 1810 magistri
831 1727 954 1809 juraret?
971 1726 1014 1784 Ex
1031 1746 1089 1806 quo
1105 1726 1174 1786 Sca-

111 1823 179 1907 liger
195 1824 256 1886 haec
271 1826 483 1903 pronuntiavit,
505 1825 680 1887 nullus'iere
699 1827 754 1888 luit
773 1828 936 1903 editorum,
961 1826 1031 1910 quin
1047 1825 1172 1886 camdem

111 1920 195 1984 iniret
204 1924 389 1999 seutentiam,
402 1947 457 2007 qua
469 1936 562 1987 tameo
571 1924 646 1985 nibil
658 1925 771 1986 stultius
783 1945 843 1986 esse
855 1937 960 2004 potest.
977 1925 1086 1986 Omnes
1098 1923 1173 1984 enim

112 2023 221 2084 codices
237 2047 269 2086 ex
283 2041 343 2085 uuo
355 2025 504 2108 exemplari
521 2026 631 2088 lluxisse
648 2048 732 2087 nemo
749 2025 934 2101 existimabit,
952 2025 1000 2108 qui
1016 2023 1172 2087 lectionum

110 2123 266 2185 varietatem
277 2124 457 2200 immensam,
472 2148 525 2207 qua
536 2124 643 2188 laborat
653 2126 801 2200 Tibullus,
819 2124 913 2195 novit,
928 2136 1063 2203 practerea
1072 2123 1171 2184 blsum

109 2235 151 2282 est
163 2224 320 2307 Gyraldum
331 2224 427 2285 eadem
438 2225 555 2300 dixisse,
574 2248 636 2308 quae
649 2225 674 2286 ei
686 2223 823 2285 adtribuit
834 2223 967 2309 Scaliger.
984 2223 1050 2284 Vita
1063 2222 1172 2284 Tibulli

109 2324 210 2408 legitur
220 2324 249 2385 in
259 2324 374 2409 ‘dialogo
386 2338 504 2409 quarto,
516 2350 544 2405 p.
556 2348 630 2402 aaa,
641 2349 733 2410 neque
744 2325 983 2410 tamenHeynius,
995 2326 1173 2406 uoqucVos·

107 2419 182 2493 sius,
197 2441 291 2502 neque
301 2421 363 2504 ipse
376 2444 431 2508 ego
441 2424 590 2507 vestigium
601 2424 682 2488 istius
696 2424 858 2487 assertionis
873 2423 998 2500 reperire
1012 2420 1171 2503 potuimus,

107 2516 211 2579 abusus
227 2532 270 2579 est
286 2520 380 2604 itaque
391 2522 508 2606 Gyraldi
523 2517 590 2583 loco
604 2522 739 2607 Scaliger,
757 2534 790 2582 ut
805 2521 908 2583 merito
922 2532 1004 2581 notat
1014 2521 1125 2600 Spolm,
1144 2529 1174 2576 et

38 2654 43 2663 ·
108 2620 163 2700 jam
186 2619 220 2681 de
239 2620 328 2683 bbula
341 2622 405 2697 illa,
427 2645 511 2705 quam
530 2622 605 2682 inter
627 2623 736 2685 somnia
756 2621 870 2683 creavit·
886 2620 988 2681 doctus
1010 2619 1076 2691 vir,
1100 2616 1174 2678 nibil

110 2720 231 2780 omnino
243 2735 376 2799 superest.
388 2723 468 2798 Quid
482 2723 517 2784 de
529 2720 804 2796 hisce‘sentiuemus,
815 2720 878 2782 sine
885 2717 1062 2780 dubitatione
1072 2719 1128 2799 jam
1138 2717 1173 2778 ad

110 2823 176 2884 libri
186 2827 201 2884 l
206 2828 251 2900 ll,
268 2829 391 2913 Elegiam
406 2846 475 2903 vn,
488 2852 516 2889 v.
531 2826 588 2903 32,
606 2827 821 2901 declaravimus,
839 2825 887 2885 ubi
900 2824 985 2885 ctiam
997 2821 1168 2905 'argumento

108 2924 163 2986 fuit
179 2927 262 2988 nobis
277 2929 408 2992 codicum
421 2929 584 3003 diversitas,
603 2951 684 3010 quam
700 2948 760 2988 non
778 2925 872 2987 solnm
888 2925 919 2985 in
933 2923 1052 3007 singulis
1069 2922 1175 2986 lectio-

110 3022 194 3083 nibus
203 3026 325 3106 reperire
335 3040 394 3104 est,
406 3026 455 3088 scd
467 3028 547 3087 etiam
560 3010 589 3087 in
597 3025 703 3110 Elegiis
713 3024 970 3106 ordinandis'atqne
981 3023 1175 3107 disponendis.

110 3123 244 3186 Attamen
260 3125 403 3188 latendum
424 3141 486 3201 est,
508 3126 620 3188 codices
638 3146 737 3188 omues
754 3125 923 3187 recentioris
940 3146 1001 3187 esse
1016 3125 1173 3207 temporis,

110 3235 195 3304 atque
207 3223 254 3287 vix
266 3227 400 3291 saeculum
411 3226 484 3288 xlv
494 3227 637 3290 excedere.
648 3227 739 3287 Tanta
749 3235 896 3286 versamur
905 3223 937 3283 in
950 3224 1128 3306 corruptela,
1143 3235 1177 3284 ut

109 3323 530 3406 agrelegi‘possint‘tcrsissimi
541 3335 635 3404 poclm
645 3323 781 3394 carmina,
798 3324 955 3401 prasertim
967 3344 1002 3384 ex
1015 3343 1090 3403 quo,
1104 3343 1176 3403 pro-

108 3431 186 3483 terva
199 3425 357 3486 temeritate
366 3452 381 3499 ,¹
391 3424 517 3508 Scaliger
532 3425 626 3486 omnia
636 3424 750 3484 miscuit
765 3423 794 3483 in
809 3421 991 3483 editionibus.
1007 3424 1136 3482 Fuerunt
1147 3432 1176 3483 et

108 3532 173 3583 ante
186 3523 378 3607 typographiae
389 3523 583 3587 inventionem
590 3524 644 3584 viri
656 3522 734 3585 docti
744 3523 856 3605 qnidam
867 3543 901 3583 ex
915 3522 1010 3599 ltalia,
1024 3522 1072 3604 qui
1083 3521 1175 3582 studia

108 3616 139 3678 iu
150 3621 283 3702 operibus
295 3622 403 3686 Tibulli
414 3623 606 3697 collocaruut;
620 3623 650 3683 in
660 3622 753 3684 lucre
764 3621 894 3684 laudandi
906 3634 972 3682 suut
983 3620 1100 3700 (bachii
1108 3629 1176 3680 nota

109 3729 171 3791 etl,
189 3741 275 3801 quam
283 3721 330 3784 bic
344 3723 582 3806 transcripsimus)
595 3748 603 3785 ι
619 3726 660 3785 ι’.
675 3751 689 3776 u
700 3722 865 3784 Frauciscus
881 3719 1047 3798 Philclpbus
1059 3717 1176 3780 Tolen·
1250 3791 1256 3796 q

111 3841 128 3871 ο
145 3817 281 3898 tineusis,
295 3836 378 3884 uatus
392 3821 480 3907 1398,
493 3835 660 3885 etmortuus
675 3820 746 3898 1481
762 3822 827 3895 ,rir
838 3843 896 3883 suoe
904 3820 996 3884 utatis
1006 3820 1098 3880 multo
1109 3817 1178 3879 doc·

113 3946 129 3973 u
144 3919 287 3994 tissimus,
304 3933 334 3982 et
344 3922 498 4004 Epistolis,
514 3919 716 3994 Orationibus,
733 3920 794 3981 aliis
806 3919 939 3998 operibus
954 3917 1036 3977 editis
1049 3916 1176 3979 celeber-

115 4048 130 4073 »
142 4022 246 4095 rimus3
264 4034 303 4084 2⁰.
312 4020 787 4085 JovianusPontanus'Cerretensis
798 4065 807 4096 ,
820 4032 901 4080 natus
915 4014 991 4090 1425
1002 4028 1032 4076 et
1045 4029 1174 4079 mortuus

117 4145 133 4173 ι
153 4117 246 4196 ι503;
264 4133 367 4203 prmter
377 4121 572 4203 philosophica
588 4143 691 4203 opera,
706 4120 818 4199 scripsit
831 4117 987 4179 Historiam
1002 4117 1069 4180 belli
1084 4121 1172 4200 Neap.
