<?xml version="1.0" encoding="UTF-8"?>
<!DOCTYPE html PUBLIC "-//W3C//DTD XHTML 1.0 Transitional//EN"
    "http://www.w3.org/TR/xhtml1/DTD/xhtml1-transitional.dtd">
<html xmlns="http://www.w3.org/1999/xhtml" xml:lang="en" lang="en">
 <head>
  <title>
</title>
<meta http-equiv="Content-Type" content="text/html;charset=utf-8" />
  <meta name='ocr-system' content='tesseract 3.04.00' />
  <meta name='ocr-capabilities' content='ocr_page ocr_carea ocr_par ocr_line ocrx_word'/>
</head>
<body>
  <div class='ocr_page' id='page_1' title='image "albiitibulliqua01golbgoog_0071.png"; bbox 0 0 2722 4762; ppageno 0'>
   <div class='ocr_carea' id='block_1_1' title="bbox 190 292 860 376">
    <p class='ocr_par' dir='ltr' id='par_1_1' title="bbox 190 292 860 376">
     <span class='ocr_line' id='line_1_1' title="bbox 190 292 860 376; baseline 0.003 -23"><span class='ocrx_word' id='word_1_1' title='bbox 190 292 247 376; x_wconf 75' lang='lat' dir='ltr'>uvj</span> <span class='ocrx_word' id='word_1_2' title='bbox 540 334 542 339; x_wconf 80' lang='lat'><em>·</em></span> <span class='ocrx_word' id='word_1_3' title='bbox 576 295 860 359; x_wconf 81' lang='lat' dir='ltr'>uuu1uuuu1</span> 
     </span>
    </p>
   </div>
   <div class='ocr_carea' id='block_1_2' title="bbox 130 424 1259 1401">
    <p class='ocr_par' dir='ltr' id='par_1_2' title="bbox 130 424 1259 1401">
     <span class='ocr_line' id='line_1_2' title="bbox 190 424 1256 511; baseline 0.006 -25"><span class='ocrx_word' id='word_1_4' title='bbox 190 424 274 487; x_wconf 88' lang='lat' dir='ltr'>rimo.</span> <span class='ocrx_word' id='word_1_5' title='bbox 294 427 352 488; x_wconf 85' lang='lat' dir='ltr'>Sed</span> <span class='ocrx_word' id='word_1_6' title='bbox 370 427 405 489; x_wconf 91' lang='lat' dir='ltr'>de</span> <span class='ocrx_word' id='word_1_7' title='bbox 419 426 544 490; x_wconf 78' lang='lat' dir='ltr'>editione</span> <span class='ocrx_word' id='word_1_8' title='bbox 557 428 666 490; x_wconf 84' lang='lat' dir='ltr'>Tibulli</span> <span class='ocrx_word' id='word_1_9' title='bbox 682 442 776 490; x_wconf 78' lang='lat' dir='ltr'>curata</span> <span class='ocrx_word' id='word_1_10' title='bbox 792 450 807 488; x_wconf 81' lang='lat' dir='ltr'>a</span> <span class='ocrx_word' id='word_1_11' title='bbox 824 428 907 490; x_wconf 85' lang='lat' dir='ltr'>Celte</span> <span class='ocrx_word' id='word_1_12' title='bbox 926 448 981 511; x_wconf 82' lang='lat' dir='ltr'>ego</span> <span class='ocrx_word' id='word_1_13' title='bbox 1000 449 1153 511; x_wconf 78' lang='lat' dir='ltr'><strong>numquam</strong></span> <span class='ocrx_word' id='word_1_14' title='bbox 1168 429 1256 492; x_wconf 76' lang='lat' dir='ltr'>lando</span> 
     </span>
     <span class='ocr_line' id='line_1_3' title="bbox 190 523 1256 607; baseline 0.006 -26"><span class='ocrx_word' id='word_1_15' title='bbox 190 523 301 596; x_wconf 80' lang='lat' dir='ltr'>audivi,</span> <span class='ocrx_word' id='word_1_16' title='bbox 317 546 409 606; x_wconf 90' lang='lat' dir='ltr'>neque</span> <span class='ocrx_word' id='word_1_17' title='bbox 420 524 580 603; x_wconf 84' lang='lat' dir='ltr'>Klupielius</span> <span class='ocrx_word' id='word_1_18' title='bbox 590 525 621 584; x_wconf 90' lang='lat' dir='ltr'>in</span> <span class='ocrx_word' id='word_1_19' title='bbox 631 536 777 607; x_wconf 78' lang='lat' dir='ltr'>conspectu</span> <span class='ocrx_word' id='word_1_20' title='bbox 792 526 886 603; x_wconf 89' lang='lat' dir='ltr'>operis</span> <span class='ocrx_word' id='word_1_21' title='bbox 901 526 936 586; x_wconf 78' lang='lat' dir='ltr'>de</span> <span class='ocrx_word' id='word_1_22' title='bbox 948 526 1073 587; x_wconf 80' lang='lat' dir='ltr'>Conmdi</span> <span class='ocrx_word' id='word_1_23' title='bbox 1083 527 1168 586; x_wconf 69' lang='lat' dir='ltr'>Celtis</span> <span class='ocrx_word' id='word_1_24' title='bbox 1180 527 1256 587; x_wconf 89' lang='lat' dir='ltr'>Pro-</span> 
     </span>
     <span class='ocr_line' id='line_1_4' title="bbox 191 623 1257 712; baseline 0.008 -31"><span class='ocrx_word' id='word_1_25' title='bbox 191 626 262 683; x_wconf 82' lang='lat' dir='ltr'>tucii</span> <span class='ocrx_word' id='word_1_26' title='bbox 278 626 343 686; x_wconf 82' lang='lat' dir='ltr'>Vita</span> <span class='ocrx_word' id='word_1_27' title='bbox 357 637 385 686; x_wconf 83' lang='lat' dir='ltr'>et</span> <span class='ocrx_word' id='word_1_28' title='bbox 400 627 519 709; x_wconf 79' lang='lat' dir='ltr'>Scriptis</span> <span class='ocrx_word' id='word_1_29' title='bbox 533 649 619 709; x_wconf 88' lang='lat' dir='ltr'>quem</span> <span class='ocrx_word' id='word_1_30' title='bbox 630 648 675 687; x_wconf 81' lang='lat' dir='ltr'>au.</span> <span class='ocrx_word' id='word_1_31' title='bbox 691 623 768 687; x_wconf 82' lang='lat'><strong>1813</strong></span> <span class='ocrx_word' id='word_1_32' title='bbox 779 626 912 712; x_wconf 80' lang='lat' dir='ltr'>Friburgi</span> <span class='ocrx_word' id='word_1_33' title='bbox 928 627 1016 690; x_wconf 78' lang='lat' dir='ltr'>edidit</span> <span class='ocrx_word' id='word_1_34' title='bbox 1026 627 1161 701; x_wconf 71' lang='lat' dir='ltr'>Raetus,</span> <span class='ocrx_word' id='word_1_35' title='bbox 1172 628 1257 690; x_wconf 77' lang='lat' dir='ltr'>ullum</span> 
     </span>
     <span class='ocr_line' id='line_1_5' title="bbox 190 719 1258 804; baseline 0.007 -25"><span class='ocrx_word' id='word_1_36' title='bbox 190 719 259 782; x_wconf 84' lang='lat' dir='ltr'>lecit</span> <span class='ocrx_word' id='word_1_37' title='bbox 271 721 354 804; x_wconf 85' lang='lat' dir='ltr'>hujus</span> <span class='ocrx_word' id='word_1_38' title='bbox 366 723 500 784; x_wconf 79' lang='lat' dir='ltr'>editionis</span> <span class='ocrx_word' id='word_1_39' title='bbox 511 726 696 786; x_wconf 76' lang='lat' dir='ltr'>mentionem.</span> <span class='ocrx_word' id='word_1_40' title='bbox 708 724 751 785; x_wconf 76' lang='lat' dir='ltr'>At</span> <span class='ocrx_word' id='word_1_41' title='bbox 763 737 934 788; x_wconf 83' lang='lat' dir='ltr'>memoratur</span> <span class='ocrx_word' id='word_1_42' title='bbox 950 725 1008 799; x_wconf 86' lang='lat' dir='ltr'>ibi,</span> <span class='ocrx_word' id='word_1_43' title='bbox 1023 747 1052 803; x_wconf 93' lang='lat' dir='ltr'>p.</span> <span class='ocrx_word' id='word_1_44' title='bbox 1066 745 1113 783; x_wconf 75' lang='grc' dir='ltr'>η.</span> <span class='ocrx_word' id='word_1_45' title='bbox 1121 727 1258 786; x_wconf 76' lang='lat' dir='ltr'>Hercules</span> 
     </span>
     <span class='ocr_line' id='line_1_6' title="bbox 191 820 1258 907; baseline 0.006 -29"><span class='ocrx_word' id='word_1_46' title='bbox 191 820 301 879; x_wconf 83' lang='lat' dir='ltr'>Furens</span> <span class='ocrx_word' id='word_1_47' title='bbox 326 833 356 880; x_wconf 88' lang='lat' dir='ltr'>et</span> <span class='ocrx_word' id='word_1_48' title='bbox 377 820 464 883; x_wconf 77' lang='lat' dir='ltr'>Canu</span> <span class='ocrx_word' id='word_1_49' title='bbox 484 823 632 903; x_wconf 77' lang='lat' dir='ltr'>Thyestis;</span> <span class='ocrx_word' id='word_1_50' title='bbox 649 824 686 885; x_wconf 90' lang='lat' dir='ltr'>L.</span> <span class='ocrx_word' id='word_1_51' title='bbox 702 824 811 885; x_wconf 84' lang='lat' dir='ltr'>Annoei</span> <span class='ocrx_word' id='word_1_52' title='bbox 830 823 946 884; x_wconf 76' lang='lat' dir='ltr'>Seneca</span> <span class='ocrx_word' id='word_1_53' title='bbox 966 824 1037 906; x_wconf 78' lang='lat' dir='ltr'>Biga</span> <span class='ocrx_word' id='word_1_54' title='bbox 1057 823 1258 907; x_wconf 69' lang='lat' dir='ltr'>tragoediarum</span> 
     </span>
     <span class='ocr_line' id='line_1_7' title="bbox 130 919 1257 1004; baseline 0.002 -25"><span class='ocrx_word' id='word_1_55' title='bbox 130 960 133 971; x_wconf 85' lang='lat'><strong>·</strong></span> <span class='ocrx_word' id='word_1_56' title='bbox 191 940 259 980; x_wconf 81' lang='lat' dir='ltr'>cura</span> <span class='ocrx_word' id='word_1_57' title='bbox 273 919 308 980; x_wconf 88' lang='lat' dir='ltr'>C.</span> <span class='ocrx_word' id='word_1_58' title='bbox 327 920 427 981; x_wconf 86' lang='lat' dir='ltr'>Celtis.</span> <span class='ocrx_word' id='word_1_59' title='bbox 440 923 538 1002; x_wconf 83' lang='lat' dir='ltr'>Hujus</span> <span class='ocrx_word' id='word_1_60' title='bbox 557 921 691 982; x_wconf 71' lang='lat' dir='ltr'>editionis</span> <span class='ocrx_word' id='word_1_61' title='bbox 709 922 838 1000; x_wconf 86' lang='lat' dir='ltr'>exemplo</span> <span class='ocrx_word' id='word_1_62' title='bbox 857 921 921 994; x_wconf 84' lang='lat' dir='ltr'>illi,</span> <span class='ocrx_word' id='word_1_63' title='bbox 940 919 1023 1004; x_wconf 88' lang='lat' dir='ltr'>quod</span> <span class='ocrx_word' id='word_1_64' title='bbox 1038 933 1127 983; x_wconf 77' lang='lat' dir='ltr'>exstet</span> <span class='ocrx_word' id='word_1_65' title='bbox 1144 922 1175 981; x_wconf 88' lang='lat' dir='ltr'>in</span> <span class='ocrx_word' id='word_1_66' title='bbox 1189 920 1257 981; x_wconf 90' lang='lat' dir='ltr'>bibl.</span> 
     </span>
     <span class='ocr_line' id='line_1_8' title="bbox 191 1017 1258 1101; baseline 0.001 -23"><span class='ocrx_word' id='word_1_67' title='bbox 191 1018 328 1079; x_wconf 78' lang='lat' dir='ltr'>Neostad.</span> <span class='ocrx_word' id='word_1_68' title='bbox 348 1018 521 1101; x_wconf 77' lang='lat' dir='ltr'>agglutinato</span> <span class='ocrx_word' id='word_1_69' title='bbox 541 1031 584 1081; x_wconf 88' lang='lat' dir='ltr'>est</span> <span class='ocrx_word' id='word_1_70' title='bbox 605 1019 695 1081; x_wconf 89' lang='lat' dir='ltr'>editio</span> <span class='ocrx_word' id='word_1_71' title='bbox 711 1019 842 1093; x_wconf 84' lang='lat' dir='ltr'>Tibulli,</span> <span class='ocrx_word' id='word_1_72' title='bbox 860 1040 942 1100; x_wconf 81' lang='lat' dir='ltr'>quam</span> <span class='ocrx_word' id='word_1_73' title='bbox 960 1021 1098 1080; x_wconf 77' lang='lat' dir='ltr'>Pauuerus</span> <span class='ocrx_word' id='word_1_74' title='bbox 1121 1017 1258 1079; x_wconf 81' lang='lat' dir='ltr'>Conrado</span> 
     </span>
     <span class='ocr_line' id='line_1_9' title="bbox 191 1114 1258 1193; baseline 0.001 -18"><span class='ocrx_word' id='word_1_75' title='bbox 191 1114 387 1190; x_wconf 79' lang='lat' dir='ltr'>Karbelooen,</span> <span class='ocrx_word' id='word_1_76' title='bbox 404 1116 592 1191; x_wconf 77' lang='lat' dir='ltr'>Sebuizerus,</span> <span class='ocrx_word' id='word_1_77' title='bbox 605 1130 681 1179; x_wconf 89' lang='lat' dir='ltr'>certe</span> <span class='ocrx_word' id='word_1_78' title='bbox 689 1119 853 1193; x_wconf 64' lang='lat' dir='ltr'>Halesion,</span> <span class='ocrx_word' id='word_1_79' title='bbox 868 1116 1008 1178; x_wconf 78' lang='lat' dir='ltr'>tribuebat</span> <span class='ocrx_word' id='word_1_80' title='bbox 1018 1116 1153 1177; x_wconf 78' lang='lat' dir='ltr'>Conrado</span> <span class='ocrx_word' id='word_1_81' title='bbox 1162 1116 1258 1192; x_wconf 84' lang='lat' dir='ltr'>cetri,</span> 
     </span>
     <span class='ocr_line' id='line_1_10' title="bbox 191 1213 1259 1299; baseline -0.004 -22"><span class='ocrx_word' id='word_1_82' title='bbox 191 1219 272 1299; x_wconf 89' lang='lat' dir='ltr'>cujus</span> <span class='ocrx_word' id='word_1_83' title='bbox 293 1236 399 1278; x_wconf 88' lang='lat' dir='ltr'>nomen</span> <span class='ocrx_word' id='word_1_84' title='bbox 418 1217 589 1295; x_wconf 87' lang='lat' dir='ltr'>inscriptum</span> <span class='ocrx_word' id='word_1_85' title='bbox 604 1229 648 1279; x_wconf 89' lang='lat' dir='ltr'>est</span> <span class='ocrx_word' id='word_1_86' title='bbox 664 1239 723 1277; x_wconf 91' lang='lat' dir='ltr'>non</span> <span class='ocrx_word' id='word_1_87' title='bbox 741 1217 795 1277; x_wconf 87' lang='lat' dir='ltr'>uisi</span> <span class='ocrx_word' id='word_1_88' title='bbox 811 1216 893 1298; x_wconf 78' lang='lat' dir='ltr'>Bigae</span> <span class='ocrx_word' id='word_1_89' title='bbox 911 1213 1109 1297; x_wconf 72' lang='lat' dir='ltr'>tragoediarum</span> <span class='ocrx_word' id='word_1_90' title='bbox 1132 1215 1259 1276; x_wconf 78' lang='lat' dir='ltr'>Senecee.</span> 
     </span>
     <span class='ocr_line' id='line_1_11' title="bbox 190 1313 1259 1401; baseline -0.003 -23"><span class='ocrx_word' id='word_1_91' title='bbox 190 1320 337 1379; x_wconf 77' lang='lat' dir='ltr'>Hactenus</span> <span class='ocrx_word' id='word_1_92' title='bbox 348 1341 404 1401; x_wconf 83' lang='lat' dir='ltr'>ego</span> <span class='ocrx_word' id='word_1_93' title='bbox 415 1317 563 1379; x_wconf 82' lang='lat' dir='ltr'>obscuram</span> <span class='ocrx_word' id='word_1_94' title='bbox 575 1319 647 1379; x_wconf 79' lang='lat' dir='ltr'>bauo</span> <span class='ocrx_word' id='word_1_95' title='bbox 661 1340 721 1379; x_wconf 89' lang='lat' dir='ltr'>rem</span> <span class='ocrx_word' id='word_1_96' title='bbox 736 1337 800 1377; x_wconf 90' lang='lat' dir='ltr'>meo</span> <span class='ocrx_word' id='word_1_97' title='bbox 811 1318 903 1376; x_wconf 84' lang='lat' dir='ltr'>lllarte</span> <span class='ocrx_word' id='word_1_98' title='bbox 918 1313 1049 1393; x_wconf 81' lang='lat' dir='ltr'>expedire</span> <span class='ocrx_word' id='word_1_99' title='bbox 1058 1326 1177 1376; x_wconf 77' lang='lat' dir='ltr'>conatus</span> <span class='ocrx_word' id='word_1_100' title='bbox 1186 1336 1259 1375; x_wconf 85' lang='lat' dir='ltr'>sum.</span> 
     </span>
    </p>
   </div>
   <div class='ocr_carea' id='block_1_3' title="bbox 190 1415 1258 1596">
    <p class='ocr_par' dir='ltr' id='par_1_3' title="bbox 190 1415 1258 1596">
     <span class='ocr_line' id='line_1_12' title="bbox 192 1415 1258 1500; baseline -0.001 -21"><span class='ocrx_word' id='word_1_101' title='bbox 192 1419 250 1479; x_wconf 90' lang='lat' dir='ltr'>Sed</span> <span class='ocrx_word' id='word_1_102' title='bbox 268 1418 398 1480; x_wconf 81' lang='lat' dir='ltr'>volebam</span> <span class='ocrx_word' id='word_1_103' title='bbox 412 1440 501 1500; x_wconf 89' lang='lat' dir='ltr'>porro</span> <span class='ocrx_word' id='word_1_104' title='bbox 517 1417 611 1493; x_wconf 81' lang='lat' dir='ltr'>scire,</span> <span class='ocrx_word' id='word_1_105' title='bbox 634 1440 671 1478; x_wconf 82' lang='lat' dir='ltr'>an</span> <span class='ocrx_word' id='word_1_106' title='bbox 686 1417 815 1496; x_wconf 83' lang='lat' dir='ltr'>exemplo</span> <span class='ocrx_word' id='word_1_107' title='bbox 830 1415 1032 1479; x_wconf 80' lang='lat' dir='ltr'>Neostsdiensi</span> <span class='ocrx_word' id='word_1_108' title='bbox 1050 1437 1083 1477; x_wconf 92' lang='lat' dir='ltr'>re</span> <span class='ocrx_word' id='word_1_109' title='bbox 1098 1437 1164 1478; x_wconf 84' lang='lat' dir='ltr'>vera</span> <span class='ocrx_word' id='word_1_110' title='bbox 1178 1438 1258 1494; x_wconf 80' lang='lat' dir='ltr'>prae-</span> 
     </span>
     <span class='ocr_line' id='line_1_13' title="bbox 190 1513 1258 1596; baseline -0.004 -18"><span class='ocrx_word' id='word_1_111' title='bbox 190 1516 328 1595; x_wconf 88' lang='lat' dir='ltr'>scriptum</span> <span class='ocrx_word' id='word_1_112' title='bbox 347 1529 423 1579; x_wconf 84' lang='lat' dir='ltr'>esset</span> <span class='ocrx_word' id='word_1_113' title='bbox 440 1520 508 1581; x_wconf 81' lang='lat' dir='ltr'>Act.</span> <span class='ocrx_word' id='word_1_114' title='bbox 527 1540 581 1596; x_wconf 91' lang='lat' dir='ltr'>pro</span> <span class='ocrx_word' id='word_1_115' title='bbox 600 1517 665 1578; x_wconf 80' lang='lat' dir='ltr'>Alb.</span> <span class='ocrx_word' id='word_1_116' title='bbox 682 1515 815 1577; x_wconf 87' lang='lat' dir='ltr'>Tibulli?</span> <span class='ocrx_word' id='word_1_117' title='bbox 837 1537 873 1576; x_wconf 81' lang='lat' dir='ltr'>an</span> <span class='ocrx_word' id='word_1_118' title='bbox 888 1514 953 1576; x_wconf 85' lang='lat' dir='ltr'>libri</span> <span class='ocrx_word' id='word_1_119' title='bbox 967 1517 1023 1589; x_wconf 83' lang='grc' dir='ltr'>ΙΙ,</span> <span class='ocrx_word' id='word_1_120' title='bbox 1040 1537 1094 1594; x_wconf 90' lang='lat' dir='ltr'>pro</span> <span class='ocrx_word' id='word_1_121' title='bbox 1112 1513 1178 1576; x_wconf 89' lang='lat' dir='ltr'>libri</span> <span class='ocrx_word' id='word_1_122' title='bbox 1193 1514 1258 1574; x_wconf 85' lang='lat' dir='ltr'>IV?</span> 
     </span>
    </p>
   </div>
   <div class='ocr_carea' id='block_1_4' title="bbox 189 1612 1346 1697">
    <p class='ocr_par' dir='ltr' id='par_1_4' title="bbox 189 1612 1346 1697">
     <span class='ocr_line' id='line_1_14' title="bbox 189 1612 1346 1697; baseline 0.003 -22"><span class='ocrx_word' id='word_1_123' title='bbox 189 1615 297 1676; x_wconf 82' lang='lat' dir='ltr'>Utrum</span> <span class='ocrx_word' id='word_1_124' title='bbox 314 1617 384 1690; x_wconf 78' lang='lat' dir='ltr'>bac,</span> <span class='ocrx_word' id='word_1_125' title='bbox 400 1639 435 1678; x_wconf 80' lang='lat' dir='ltr'>an</span> <span class='ocrx_word' id='word_1_126' title='bbox 450 1615 502 1677; x_wconf 79' lang='lat' dir='ltr'>alia</span> <span class='ocrx_word' id='word_1_127' title='bbox 515 1616 642 1678; x_wconf 83' lang='lat' dir='ltr'>editione</span> <span class='ocrx_word' id='word_1_128' title='bbox 663 1638 731 1677; x_wconf 87' lang='lat' dir='ltr'>usus</span> <span class='ocrx_word' id='word_1_129' title='bbox 752 1627 827 1676; x_wconf 86' lang='lat' dir='ltr'>esset</span> <span class='ocrx_word' id='word_1_130' title='bbox 842 1617 999 1688; x_wconf 69' lang='lat' dir='ltr'>Trimerus,</span> <span class='ocrx_word' id='word_1_131' title='bbox 1017 1615 1067 1697; x_wconf 90' lang='lat' dir='ltr'>qui</span> <span class='ocrx_word' id='word_1_132' title='bbox 1084 1615 1125 1675; x_wconf 87' lang='lat' dir='ltr'>sic</span> <span class='ocrx_word' id='word_1_133' title='bbox 1139 1612 1256 1676; x_wconf 82' lang='lat' dir='ltr'>scribit:</span> <span class='ocrx_word' id='word_1_134' title='bbox 1342 1674 1346 1678; x_wconf 15' lang='grc' dir='ltr'><strong>Α</strong></span> 
     </span>
    </p>
   </div>
   <div class='ocr_carea' id='block_1_5' title="bbox 190 1711 1260 3181">
    <p class='ocr_par' dir='ltr' id='par_1_5' title="bbox 190 1711 1260 3181">
     <span class='ocr_line' id='line_1_15' title="bbox 192 1711 1259 1795; baseline 0.001 -22"><span class='ocrx_word' id='word_1_135' title='bbox 192 1713 271 1773; x_wconf 85' lang='lat' dir='ltr'>Albii</span> <span class='ocrx_word' id='word_1_136' title='bbox 283 1713 392 1772; x_wconf 87' lang='lat' dir='ltr'>Tibulli</span> <span class='ocrx_word' id='word_1_137' title='bbox 406 1712 557 1795; x_wconf 80' lang='lat' dir='ltr'>elegiarum</span> <span class='ocrx_word' id='word_1_138' title='bbox 572 1712 638 1774; x_wconf 81' lang='lat' dir='ltr'>libri</span> <span class='ocrx_word' id='word_1_139' title='bbox 653 1715 704 1773; x_wconf 83' lang='lat' dir='ltr'>tv.</span> <span class='ocrx_word' id='word_1_140' title='bbox 721 1716 788 1790; x_wconf 82' lang='lat' dir='ltr'>Qua</span> <span class='ocrx_word' id='word_1_141' title='bbox 800 1715 835 1777; x_wconf 88' lang='lat' dir='ltr'>de</span> <span class='ocrx_word' id='word_1_142' title='bbox 848 1737 879 1776; x_wconf 88' lang='lat' dir='ltr'>re</span> <span class='ocrx_word' id='word_1_143' title='bbox 892 1712 1044 1775; x_wconf 80' lang='lat' dir='ltr'>certiorem</span> <span class='ocrx_word' id='word_1_144' title='bbox 1059 1734 1105 1773; x_wconf 87' lang='lat' dir='ltr'>me</span> <span class='ocrx_word' id='word_1_145' title='bbox 1117 1711 1259 1774; x_wconf 77' lang='lat' dir='ltr'>facturum</span> 
     </span>
     <span class='ocr_line' id='line_1_16' title="bbox 190 1810 1258 1897; baseline -0.003 -23"><span class='ocrx_word' id='word_1_146' title='bbox 190 1837 251 1876; x_wconf 85' lang='lat' dir='ltr'>esse</span> <span class='ocrx_word' id='word_1_147' title='bbox 267 1827 429 1897; x_wconf 79' lang='lat' dir='ltr'>putaveram</span> <span class='ocrx_word' id='word_1_148' title='bbox 444 1814 609 1876; x_wconf 84' lang='lat' dir='ltr'>Bardilium.</span> <span class='ocrx_word' id='word_1_149' title='bbox 627 1813 685 1876; x_wconf 83' lang='lat' dir='ltr'>Sed</span> <span class='ocrx_word' id='word_1_150' title='bbox 699 1813 767 1875; x_wconf 87' lang='lat' dir='ltr'>buic</span> <span class='ocrx_word' id='word_1_151' title='bbox 786 1814 916 1875; x_wconf 90' lang='lat' dir='ltr'>nondum</span> <span class='ocrx_word' id='word_1_152' title='bbox 933 1812 1014 1892; x_wconf 83' lang='lat' dir='ltr'>copia</span> <span class='ocrx_word' id='word_1_153' title='bbox 1031 1811 1093 1872; x_wconf 79' lang='lat' dir='ltr'>dru</span> <span class='ocrx_word' id='word_1_154' title='bbox 1108 1823 1151 1873; x_wconf 86' lang='lat' dir='ltr'>est</span> <span class='ocrx_word' id='word_1_155' title='bbox 1165 1810 1258 1894; x_wconf 82' lang='lat' dir='ltr'>inspi-</span> 
     </span>
     <span class='ocr_line' id='line_1_17' title="bbox 190 1912 1259 1998; baseline -0.004 -22"><span class='ocrx_word' id='word_1_156' title='bbox 190 1915 288 1977; x_wconf 84' lang='lat' dir='ltr'>ciundi</span> <span class='ocrx_word' id='word_1_157' title='bbox 301 1915 375 1977; x_wconf 87' lang='lat' dir='ltr'>libri.</span> <span class='ocrx_word' id='word_1_158' title='bbox 393 1916 475 1977; x_wconf 89' lang='lat' dir='ltr'>ldem</span> <span class='ocrx_word' id='word_1_159' title='bbox 492 1927 584 1976; x_wconf 82' lang='lat' dir='ltr'>tamen</span> <span class='ocrx_word' id='word_1_160' title='bbox 596 1916 725 1998; x_wconf 78' lang='lat' dir='ltr'>quaedum</span> <span class='ocrx_word' id='word_1_161' title='bbox 738 1916 772 1977; x_wconf 79' lang='lat' dir='ltr'>ad</span> <span class='ocrx_word' id='word_1_162' title='bbox 788 1938 835 1976; x_wconf 93' lang='lat' dir='ltr'>me</span> <span class='ocrx_word' id='word_1_163' title='bbox 850 1914 1015 1996; x_wconf 83' lang='lat' dir='ltr'>perscripsit</span> <span class='ocrx_word' id='word_1_164' title='bbox 1030 1915 1064 1977; x_wconf 90' lang='lat' dir='ltr'>de</span> <span class='ocrx_word' id='word_1_165' title='bbox 1079 1913 1198 1996; x_wconf 76' lang='lat' dir='ltr'>antiquo</span> <span class='ocrx_word' id='word_1_166' title='bbox 1212 1912 1259 1972; x_wconf 90' lang='lat' dir='ltr'>bi-</span> 
     </span>
     <span class='ocr_line' id='line_1_18' title="bbox 190 2006 1259 2100; baseline -0.005 -24"><span class='ocrx_word' id='word_1_167' title='bbox 190 2006 343 2076; x_wconf 82' lang='lat' dir='ltr'>bliotbecae</span> <span class='ocrx_word' id='word_1_168' title='bbox 353 2012 603 2100; x_wconf 81' lang='lat' dir='ltr'>Heidelbergensis</span> <span class='ocrx_word' id='word_1_169' title='bbox 614 2015 744 2093; x_wconf 84' lang='lat' dir='ltr'>exemplo</span> <span class='ocrx_word' id='word_1_170' title='bbox 755 2013 817 2074; x_wconf 88' lang='lat' dir='ltr'>siue</span> <span class='ocrx_word' id='word_1_171' title='bbox 830 2013 898 2074; x_wconf 81' lang='lat' dir='ltr'>anni</span> <span class='ocrx_word' id='word_1_172' title='bbox 909 2024 938 2075; x_wconf 91' lang='lat' dir='ltr'>et</span> <span class='ocrx_word' id='word_1_173' title='bbox 948 2012 1070 2074; x_wconf 86' lang='lat' dir='ltr'>officiuae</span> <span class='ocrx_word' id='word_1_174' title='bbox 1082 2022 1167 2087; x_wconf 76' lang='lat' dir='ltr'>nota,</span> <span class='ocrx_word' id='word_1_175' title='bbox 1180 2010 1259 2092; x_wconf 88' lang='lat' dir='ltr'>quod</span> 
     </span>
     <span class='ocr_line' id='line_1_19' title="bbox 190 2109 1258 2194; baseline -0.002 -22"><span class='ocrx_word' id='word_1_176' title='bbox 190 2135 269 2173; x_wconf 90' lang='lat' dir='ltr'>nuuc</span> <span class='ocrx_word' id='word_1_177' title='bbox 284 2113 377 2194; x_wconf 89' lang='lat' dir='ltr'>ipsum</span> <span class='ocrx_word' id='word_1_178' title='bbox 393 2126 459 2174; x_wconf 82' lang='lat' dir='ltr'>ante</span> <span class='ocrx_word' id='word_1_179' title='bbox 475 2114 576 2176; x_wconf 89' lang='lat' dir='ltr'>oculos</span> <span class='ocrx_word' id='word_1_180' title='bbox 592 2113 684 2176; x_wconf 77' lang='lat' dir='ltr'>babet.</span> <span class='ocrx_word' id='word_1_181' title='bbox 697 2115 765 2175; x_wconf 88' lang='lat' dir='ltr'>Hoc</span> <span class='ocrx_word' id='word_1_182' title='bbox 778 2113 874 2175; x_wconf 87' lang='lat' dir='ltr'>multis</span> <span class='ocrx_word' id='word_1_183' title='bbox 885 2113 956 2175; x_wconf 87' lang='lat' dir='ltr'>locis</span> <span class='ocrx_word' id='word_1_184' title='bbox 972 2112 1142 2194; x_wconf 77' lang='lat' dir='ltr'>discrepata</span> <span class='ocrx_word' id='word_1_185' title='bbox 1158 2109 1258 2171; x_wconf 76' lang='lat' dir='ltr'>Thau-</span> 
     </span>
     <span class='ocr_line' id='line_1_20' title="bbox 191 2210 1258 2294; baseline -0.004 -22"><span class='ocrx_word' id='word_1_186' title='bbox 191 2212 327 2284; x_wconf 82' lang='lat' dir='ltr'>neriano,</span> <span class='ocrx_word' id='word_1_187' title='bbox 342 2223 477 2273; x_wconf 89' lang='lat' dir='ltr'>mouente</span> <span class='ocrx_word' id='word_1_188' title='bbox 491 2210 595 2286; x_wconf 85' lang='lat' dir='ltr'>etiam,</span> <span class='ocrx_word' id='word_1_189' title='bbox 606 2214 657 2294; x_wconf 90' lang='lat' dir='ltr'>qui</span> <span class='ocrx_word' id='word_1_190' title='bbox 668 2211 858 2291; x_wconf 79' lang='lat' dir='ltr'>comparavit,</span> <span class='ocrx_word' id='word_1_191' title='bbox 870 2211 993 2285; x_wconf 76' lang='lat' dir='ltr'>vossio,</span> <span class='ocrx_word' id='word_1_192' title='bbox 1008 2232 1073 2293; x_wconf 78' lang='lat' dir='ltr'>pug-</span> <span class='ocrx_word' id='word_1_193' title='bbox 1084 2225 1192 2285; x_wconf 83' lang='lat' dir='ltr'>xxvu,</span> <span class='ocrx_word' id='word_1_194' title='bbox 1204 2229 1258 2268; x_wconf 85' lang='lat' dir='ltr'>nec</span> 
     </span>
     <span class='ocr_line' id='line_1_21' title="bbox 191 2310 1259 2405; baseline -0.005 -33"><span class='ocrx_word' id='word_1_195' title='bbox 191 2310 369 2373; x_wconf 84' lang='lat' dir='ltr'>conveniunt</span> <span class='ocrx_word' id='word_1_196' title='bbox 383 2310 542 2373; x_wconf 80' lang='lat' dir='ltr'>litterarum</span> <span class='ocrx_word' id='word_1_197' title='bbox 556 2311 617 2397; x_wconf 88' lang='lat' dir='ltr'>typi</span> <span class='ocrx_word' id='word_1_198' title='bbox 630 2311 740 2396; x_wconf 85' lang='lat' dir='ltr'>gothici</span> <span class='ocrx_word' id='word_1_199' title='bbox 755 2312 831 2386; x_wconf 89' lang='lat' dir='ltr'>illis,</span> <span class='ocrx_word' id='word_1_200' title='bbox 847 2311 950 2405; x_wconf 79' lang='lat' dir='ltr'>quibus</span> <span class='ocrx_word' id='word_1_201' title='bbox 964 2330 1111 2389; x_wconf 81' lang='lat' dir='ltr'>expressus</span> <span class='ocrx_word' id='word_1_202' title='bbox 1127 2319 1171 2368; x_wconf 87' lang='lat' dir='ltr'>est</span> <span class='ocrx_word' id='word_1_203' title='bbox 1182 2329 1259 2369; x_wconf 89' lang='lat' dir='ltr'>cou-</span> 
     </span>
     <span class='ocr_line' id='line_1_22' title="bbox 191 2405 1259 2492; baseline -0.003 -22"><span class='ocrx_word' id='word_1_204' title='bbox 191 2412 307 2492; x_wconf 84' lang='lat' dir='ltr'>junctus</span> <span class='ocrx_word' id='word_1_205' title='bbox 320 2431 384 2470; x_wconf 89' lang='lat' dir='ltr'>cum</span> <span class='ocrx_word' id='word_1_206' title='bbox 400 2430 435 2472; x_wconf 89' lang='lat' dir='ltr'>eo</span> <span class='ocrx_word' id='word_1_207' title='bbox 451 2411 619 2492; x_wconf 86' lang='lat' dir='ltr'>Propertius</span> <span class='ocrx_word' id='word_1_208' title='bbox 636 2432 670 2471; x_wconf 83' lang='lat' dir='ltr'>er</span> <span class='ocrx_word' id='word_1_209' title='bbox 681 2410 792 2473; x_wconf 77' lang='lat' dir='ltr'>officina</span> <span class='ocrx_word' id='word_1_210' title='bbox 802 2411 919 2471; x_wconf 75' lang='lat' dir='ltr'>Martini</span> <span class='ocrx_word' id='word_1_211' title='bbox 934 2409 1165 2489; x_wconf 73' lang='lat' dir='ltr'>Luntzpergenss.</span> <span class='ocrx_word' id='word_1_212' title='bbox 1177 2405 1259 2482; x_wconf 85' lang='lat' dir='ltr'>Lips.</span> 
     </span>
     <span class='ocr_line' id='line_1_23' title="bbox 190 2501 1260 2593; baseline -0.006 -22"><span class='ocrx_word' id='word_1_213' title='bbox 190 2533 256 2571; x_wconf 83' lang='lat' dir='ltr'>aun.</span> <span class='ocrx_word' id='word_1_214' title='bbox 274 2508 374 2593; x_wconf 70' lang='lat'><strong>1495,</strong></span> <span class='ocrx_word' id='word_1_215' title='bbox 391 2509 497 2592; x_wconf 83' lang='lat' dir='ltr'>quippe</span> <span class='ocrx_word' id='word_1_216' title='bbox 518 2511 637 2593; x_wconf 84' lang='lat' dir='ltr'>majores</span> <span class='ocrx_word' id='word_1_217' title='bbox 653 2525 682 2572; x_wconf 91' lang='lat' dir='ltr'>et</span> <span class='ocrx_word' id='word_1_218' title='bbox 697 2510 777 2571; x_wconf 87' lang='lat' dir='ltr'>aliter</span> <span class='ocrx_word' id='word_1_219' title='bbox 793 2509 915 2571; x_wconf 80' lang='lat' dir='ltr'>formati.</span> <span class='ocrx_word' id='word_1_220' title='bbox 935 2511 1008 2569; x_wconf 82' lang='lat' dir='ltr'>Haec</span> <span class='ocrx_word' id='word_1_221' title='bbox 1026 2506 1088 2569; x_wconf 89' lang='lat' dir='ltr'>sine</span> <span class='ocrx_word' id='word_1_222' title='bbox 1108 2501 1195 2565; x_wconf 93' lang='lat' dir='ltr'>dubio</span> <span class='ocrx_word' id='word_1_223' title='bbox 1214 2515 1260 2565; x_wconf 84' lang='lat' dir='ltr'>est</span> 
     </span>
     <span class='ocr_line' id='line_1_24' title="bbox 191 2601 1258 2693; baseline -0.007 -22"><span class='ocrx_word' id='word_1_224' title='bbox 191 2608 382 2671; x_wconf 79' lang='lat' dir='ltr'>memorabilis</span> <span class='ocrx_word' id='word_1_225' title='bbox 398 2609 505 2684; x_wconf 87' lang='lat' dir='ltr'>editio,</span> <span class='ocrx_word' id='word_1_226' title='bbox 524 2609 572 2669; x_wconf 86' lang='lat' dir='ltr'>sed</span> <span class='ocrx_word' id='word_1_227' title='bbox 590 2609 708 2693; x_wconf 81' lang='lat' dir='ltr'>originis</span> <span class='ocrx_word' id='word_1_228' title='bbox 724 2609 841 2679; x_wconf 68' lang='lat' dir='ltr'>incertae</span> <span class='ocrx_word' id='word_1_229' title='bbox 856 2620 885 2669; x_wconf 89' lang='lat' dir='ltr'>et</span> <span class='ocrx_word' id='word_1_230' title='bbox 906 2606 1056 2668; x_wconf 84' lang='lat' dir='ltr'>difficulter</span> <span class='ocrx_word' id='word_1_231' title='bbox 1071 2601 1258 2687; x_wconf 71' lang='lat' dir='ltr'>indagandae,</span> 
     </span>
     <span class='ocr_line' id='line_1_25' title="bbox 191 2703 1258 2791; baseline -0.008 -20"><span class='ocrx_word' id='word_1_232' title='bbox 191 2708 332 2791; x_wconf 84' lang='lat' dir='ltr'>siquidem</span> <span class='ocrx_word' id='word_1_233' title='bbox 351 2710 442 2770; x_wconf 76' lang='lat' dir='ltr'>lacera</span> <span class='ocrx_word' id='word_1_234' title='bbox 457 2719 502 2771; x_wconf 90' lang='lat' dir='ltr'>est</span> <span class='ocrx_word' id='word_1_235' title='bbox 516 2730 532 2768; x_wconf 82' lang='lat' dir='ltr'>u</span> <span class='ocrx_word' id='word_1_236' title='bbox 549 2708 644 2772; x_wconf 80' lang='lat' dir='ltr'>t‘route</span> <span class='ocrx_word' id='word_1_237' title='bbox 658 2709 799 2791; x_wconf 81' lang='lat' dir='ltr'>usquead</span> <span class='ocrx_word' id='word_1_238' title='bbox 815 2711 855 2782; x_wconf 87' lang='lat'>1,</span> <span class='ocrx_word' id='word_1_239' title='bbox 876 2725 932 2780; x_wconf 82' lang='lat' dir='ltr'>vt,</span> <span class='ocrx_word' id='word_1_240' title='bbox 950 2728 998 2790; x_wconf 84' lang='lat'>7¹·</span> <span class='ocrx_word' id='word_1_241' title='bbox 1017 2706 1057 2766; x_wconf 79' lang='lat' dir='ltr'>Et</span> <span class='ocrx_word' id='word_1_242' title='bbox 1074 2708 1101 2765; x_wconf 86' lang='lat' dir='ltr'>si</span> <span class='ocrx_word' id='word_1_243' title='bbox 1115 2703 1258 2786; x_wconf 70' lang='lat' dir='ltr'>quridpee-</span> 
     </span>
     <span class='ocr_line' id='line_1_26' title="bbox 193 2802 1259 2881; baseline -0.008 -15"><span class='ocrx_word' id='word_1_244' title='bbox 193 2829 290 2881; x_wconf 75' lang='lat' dir='ltr'>cussr,</span> <span class='ocrx_word' id='word_1_245' title='bbox 307 2819 362 2867; x_wconf 90' lang='lat' dir='ltr'>etc.</span> <span class='ocrx_word' id='word_1_246' title='bbox 385 2830 438 2868; x_wconf 89' lang='lat' dir='ltr'>nec</span> <span class='ocrx_word' id='word_1_247' title='bbox 454 2807 484 2866; x_wconf 92' lang='lat' dir='ltr'>in</span> <span class='ocrx_word' id='word_1_248' title='bbox 501 2805 557 2867; x_wconf 86' lang='lat' dir='ltr'>line</span> <span class='ocrx_word' id='word_1_249' title='bbox 581 2807 665 2868; x_wconf 82' lang='lat' dir='ltr'>babet</span> <span class='ocrx_word' id='word_1_250' title='bbox 681 2807 737 2867; x_wconf 91' lang='lat' dir='ltr'>nisi</span> <span class='ocrx_word' id='word_1_251' title='bbox 754 2829 761 2866; x_wconf 75' lang='grc' dir='ltr'><strong><em>τ</em></strong></span> <span class='ocrx_word' id='word_1_252' title='bbox 780 2809 898 2868; x_wconf 81' lang='lat' dir='ltr'>Summe</span> <span class='ocrx_word' id='word_1_253' title='bbox 914 2807 972 2868; x_wconf 71' lang='lat' dir='ltr'>vite</span> <span class='ocrx_word' id='word_1_254' title='bbox 990 2802 1061 2862; x_wconf 73' lang='lat' dir='ltr'>altu·</span> <span class='ocrx_word' id='word_1_255' title='bbox 1073 2802 1182 2874; x_wconf 79' lang='lat' dir='ltr'>tibulli,</span> <span class='ocrx_word' id='word_1_256' title='bbox 1207 2820 1259 2859; x_wconf 81' lang='lat' dir='ltr'>ex-</span> 
     </span>
     <span class='ocr_line' id='line_1_27' title="bbox 192 2897 1259 2984; baseline -0.011 -20"><span class='ocrx_word' id='word_1_257' title='bbox 192 2897 286 2980; x_wconf 80' lang='lat' dir='ltr'>pressa</span> <span class='ocrx_word' id='word_1_258' title='bbox 308 2903 428 2965; x_wconf 87' lang='lat' dir='ltr'>fideliter</span> <span class='ocrx_word' id='word_1_259' title='bbox 451 2904 485 2963; x_wconf 78' lang='lat' dir='ltr'>ad</span> <span class='ocrx_word' id='word_1_260' title='bbox 506 2904 646 2964; x_wconf 89' lang='lat' dir='ltr'>Codicem</span> <span class='ocrx_word' id='word_1_261' title='bbox 664 2903 784 2984; x_wconf 86' lang='lat' dir='ltr'>aliquem</span> <span class='ocrx_word' id='word_1_262' title='bbox 804 2927 832 2965; x_wconf 86' lang='lat' dir='ltr'>v.</span> <span class='ocrx_word' id='word_1_263' title='bbox 853 2924 878 2964; x_wconf 89' lang='lat' dir='ltr'>c.</span> <span class='ocrx_word' id='word_1_264' title='bbox 901 2901 933 2961; x_wconf 93' lang='lat' dir='ltr'>iu</span> <span class='ocrx_word' id='word_1_265' title='bbox 952 2921 1024 2963; x_wconf 86' lang='lat' dir='ltr'>voce</span> <span class='ocrx_word' id='word_1_266' title='bbox 1041 2897 1259 2959; x_wconf 78' lang='lat' dir='ltr'>otrrdemoculis.</span> 
     </span>
     <span class='ocr_line' id='line_1_28' title="bbox 194 2997 1259 3087; baseline -0.008 -24"><span class='ocrx_word' id='word_1_267' title='bbox 194 3001 332 3084; x_wconf 85' lang='lat' dir='ltr'>Sequitur</span> <span class='ocrx_word' id='word_1_268' title='bbox 350 3004 506 3085; x_wconf 73' lang='lat' dir='ltr'>Epitaphiut</span> <span class='ocrx_word' id='word_1_269' title='bbox 518 3003 632 3063; x_wconf 83' lang='lat' dir='ltr'>Tibulli.</span> <span class='ocrx_word' id='word_1_270' title='bbox 648 3002 724 3063; x_wconf 88' lang='lat' dir='ltr'>Cum</span> <span class='ocrx_word' id='word_1_271' title='bbox 736 3002 810 3086; x_wconf 82' lang='lat' dir='ltr'>sign.</span> <span class='ocrx_word' id='word_1_272' title='bbox 821 3025 905 3087; x_wconf 82' lang='lat' dir='ltr'>u-g.</span> <span class='ocrx_word' id='word_1_273' title='bbox 918 3003 968 3063; x_wconf 90' lang='lat' dir='ltr'>lin.</span> <span class='ocrx_word' id='word_1_274' title='bbox 982 3023 1036 3075; x_wconf 77' lang='lat' dir='ltr'>ao,</span> <span class='ocrx_word' id='word_1_275' title='bbox 1048 2998 1077 3072; x_wconf 73' lang='grc'>4.</span> <span class='ocrx_word' id='word_1_276' title='bbox 1099 3000 1164 3073; x_wconf 76' lang='lat' dir='ltr'>Qua</span> <span class='ocrx_word' id='word_1_277' title='bbox 1178 2997 1209 3056; x_wconf 93' lang='lat' dir='ltr'>iu</span> <span class='ocrx_word' id='word_1_278' title='bbox 1227 3016 1259 3056; x_wconf 86' lang='lat' dir='ltr'>re</span> 
     </span>
     <span class='ocr_line' id='line_1_29' title="bbox 193 3097 1257 3181; baseline -0.008 -18"><span class='ocrx_word' id='word_1_279' title='bbox 193 3101 331 3166; x_wconf 84' lang='lat' dir='ltr'>convenit</span> <span class='ocrx_word' id='word_1_280' title='bbox 348 3103 470 3164; x_wconf 81' lang='lat' dir='ltr'>illisum</span> <span class='ocrx_word' id='word_1_281' title='bbox 487 3102 832 3181; x_wconf 80' lang='lat' dir='ltr'>exemplo‘Neostadiensi</span> <span class='ocrx_word' id='word_1_282' title='bbox 850 3103 924 3180; x_wconf 80' lang='lat' dir='ltr'>apud</span> <span class='ocrx_word' id='word_1_283' title='bbox 941 3103 1117 3174; x_wconf 63' lang='lat' dir='ltr'>Pinarum,</span> <span class='ocrx_word' id='word_1_284' title='bbox 1138 3108 1210 3159; x_wconf 87' lang='lat' dir='ltr'>tom.</span> <span class='ocrx_word' id='word_1_285' title='bbox 1224 3097 1257 3167; x_wconf 89' lang='lat'>1,</span> 
     </span>
    </p>
   </div>
   <div class='ocr_carea' id='block_1_6' title="bbox 193 3204 575 3286">
    <p class='ocr_par' dir='ltr' id='par_1_6' title="bbox 193 3204 575 3286">
     <span class='ocr_line' id='line_1_30' title="bbox 193 3204 575 3286; baseline -0.01 -5"><span class='ocrx_word' id='word_1_286' title='bbox 193 3204 445 3286; x_wconf 59' lang='lat' dir='ltr'>utsumrt·</span> <span class='ocrx_word' id='word_1_287' title='bbox 572 3219 575 3224; x_wconf 89' lang='grc'><em>·</em></span> 
     </span>
    </p>
   </div>
   <div class='ocr_carea' id='block_1_7' title="bbox 390 3427 1177 3510">
    <p class='ocr_par' dir='ltr' id='par_1_7' title="bbox 390 3427 1177 3510">
     <span class='ocr_line' id='line_1_31' title="bbox 390 3427 1177 3510; baseline 0.011 -9"><span class='ocrx_word' id='word_1_288' title='bbox 390 3427 688 3503; x_wconf 82' lang='lat' dir='ltr'>EDlTIONES</span> <span class='ocrx_word' id='word_1_289' title='bbox 723 3430 928 3504; x_wconf 86' lang='lat' dir='ltr'>SAECULI</span> <span class='ocrx_word' id='word_1_290' title='bbox 963 3430 1064 3501; x_wconf 83' lang='lat' dir='ltr'>xvt.</span> <span class='ocrx_word' id='word_1_291' title='bbox 1174 3498 1177 3510; x_wconf 89' lang='lat'>.</span> 
     </span>
    </p>
   </div>
   <div class='ocr_carea' id='block_1_8' title="bbox 193 3627 1263 4121">
    <p class='ocr_par' dir='ltr' id='par_1_8' title="bbox 193 3627 1263 4121">
     <span class='ocr_line' id='line_1_32' title="bbox 235 3627 1261 3712; baseline -0.002 -24"><span class='ocrx_word' id='word_1_292' title='bbox 235 3628 293 3697; x_wconf 87' lang='lat' dir='ltr'>Hic</span> <span class='ocrx_word' id='word_1_293' title='bbox 304 3650 419 3712; x_wconf 90' lang='lat' dir='ltr'>quoque</span> <span class='ocrx_word' id='word_1_294' title='bbox 429 3627 609 3690; x_wconf 84' lang='lat' dir='ltr'>Huscbkium</span> <span class='ocrx_word' id='word_1_295' title='bbox 619 3629 655 3690; x_wconf 82' lang='lat' dir='ltr'>ud</span> <span class='ocrx_word' id='word_1_296' title='bbox 666 3631 783 3692; x_wconf 84' lang='lat' dir='ltr'>verbum</span> <span class='ocrx_word' id='word_1_297' title='bbox 794 3629 853 3691; x_wconf 83' lang='lat' dir='ltr'>fere</span> <span class='ocrx_word' id='word_1_298' title='bbox 865 3627 1024 3711; x_wconf 62' lang='lat' dir='ltr'>nequinum</span> <span class='ocrx_word' id='word_1_299' title='bbox 1040 3627 1081 3688; x_wconf 80' lang='lat' dir='ltr'>uit</span> <span class='ocrx_word' id='word_1_300' title='bbox 1089 3627 1137 3690; x_wconf 91' lang='lat' dir='ltr'>ille</span> <span class='ocrx_word' id='word_1_301' title='bbox 1149 3650 1157 3686; x_wconf 76' lang='grc' dir='ltr'><strong>ι</strong></span> <span class='ocrx_word' id='word_1_302' title='bbox 1170 3654 1186 3679; x_wconf 86' lang='lat'>«</span> <span class='ocrx_word' id='word_1_303' title='bbox 1197 3628 1261 3687; x_wconf 78' lang='lat' dir='ltr'>dam</span> 
     </span>
     <span class='ocr_line' id='line_1_33' title="bbox 193 3726 1263 3816; baseline -0.006 -22"><span class='ocrx_word' id='word_1_304' title='bbox 193 3733 315 3794; x_wconf 63' lang='lat' dir='ltr'>atreum</span> <span class='ocrx_word' id='word_1_305' title='bbox 324 3729 521 3816; x_wconf 60' lang='lat' dir='ltr'>typographiae</span> <span class='ocrx_word' id='word_1_306' title='bbox 533 3731 668 3794; x_wconf 82' lang='lat' dir='ltr'>saeculum</span> <span class='ocrx_word' id='word_1_307' title='bbox 678 3730 848 3815; x_wconf 83' lang='lat' dir='ltr'>ingredienti</span> <span class='ocrx_word' id='word_1_308' title='bbox 858 3731 888 3792; x_wconf 92' lang='lat' dir='ltr'>iu</span> <span class='ocrx_word' id='word_1_309' title='bbox 903 3731 966 3810; x_wconf 90' lang='lat' dir='ltr'>ipso</span> <span class='ocrx_word' id='word_1_310' title='bbox 978 3729 1071 3792; x_wconf 73' lang='lat' dir='ltr'>statim</span> <span class='ocrx_word' id='word_1_311' title='bbox 1086 3729 1184 3791; x_wconf 89' lang='lat' dir='ltr'>limine</span> <span class='ocrx_word' id='word_1_312' title='bbox 1193 3726 1263 3788; x_wconf 79' lang='lat' dir='ltr'>mira</span> 
     </span>
     <span class='ocr_line' id='line_1_34' title="bbox 196 3828 1261 3919; baseline -0.01 -19"><span class='ocrx_word' id='word_1_313' title='bbox 196 3835 266 3900; x_wconf 83' lang='lat' dir='ltr'>mibi</span> <span class='ocrx_word' id='word_1_314' title='bbox 284 3834 417 3918; x_wconf 74' lang='lat' dir='ltr'>objicitur</span> <span class='ocrx_word' id='word_1_315' title='bbox 437 3834 595 3919; x_wconf 84' lang='lat' dir='ltr'>editionum</span> <span class='ocrx_word' id='word_1_316' title='bbox 610 3832 724 3909; x_wconf 83' lang='lat' dir='ltr'>classis,</span> <span class='ocrx_word' id='word_1_317' title='bbox 742 3833 834 3896; x_wconf 75' lang='lat' dir='ltr'>forms</span> <span class='ocrx_word' id='word_1_318' title='bbox 848 3846 877 3895; x_wconf 88' lang='lat' dir='ltr'>et</span> <span class='ocrx_word' id='word_1_319' title='bbox 891 3832 1016 3895; x_wconf 89' lang='lat' dir='ltr'>lectione</span> <span class='ocrx_word' id='word_1_320' title='bbox 1032 3830 1131 3893; x_wconf 85' lang='lat' dir='ltr'>similis</span> <span class='ocrx_word' id='word_1_321' title='bbox 1146 3828 1261 3891; x_wconf 77' lang='lat' dir='ltr'>Altinae</span> 
     </span>
     <span class='ocr_line' id='line_1_35' title="bbox 195 3927 1260 4022; baseline -0.007 -25"><span class='ocrx_word' id='word_1_322' title='bbox 195 3959 242 3997; x_wconf 83' lang='lat' dir='ltr'>au.</span> <span class='ocrx_word' id='word_1_323' title='bbox 262 3934 338 3998; x_wconf 83' lang='lat'><strong>1502</strong></span> <span class='ocrx_word' id='word_1_324' title='bbox 349 3982 359 4016; x_wconf 84' lang='lat'>‚</span> <span class='ocrx_word' id='word_1_325' title='bbox 374 3936 485 4022; x_wconf 75' lang='lat' dir='ltr'>origine</span> <span class='ocrx_word' id='word_1_326' title='bbox 499 3947 528 3996; x_wconf 90' lang='lat' dir='ltr'>et</span> <span class='ocrx_word' id='word_1_327' title='bbox 543 3935 636 3997; x_wconf 77' lang='lat' dir='ltr'>charta</span> <span class='ocrx_word' id='word_1_328' title='bbox 644 3934 731 4020; x_wconf 76' lang='lat' dir='ltr'>louge</span> <span class='ocrx_word' id='word_1_329' title='bbox 741 3935 858 4000; x_wconf 82' lang='lat' dir='ltr'>diversa.</span> <span class='ocrx_word' id='word_1_330' title='bbox 872 3936 909 4000; x_wconf 79' lang='lat' dir='ltr'>In</span> <span class='ocrx_word' id='word_1_331' title='bbox 925 3936 1008 4019; x_wconf 86' lang='lat' dir='ltr'>hujus</span> <span class='ocrx_word' id='word_1_332' title='bbox 1020 3932 1122 3995; x_wconf 74' lang='lat' dir='ltr'>fraudis</span> <span class='ocrx_word' id='word_1_333' title='bbox 1137 3927 1260 4012; x_wconf 84' lang='lat' dir='ltr'>vestigio</span> 
     </span>
     <span class='ocr_line' id='line_1_36' title="bbox 196 4025 1260 4121; baseline -0.008 -25"><span class='ocrx_word' id='word_1_334' title='bbox 196 4057 241 4096; x_wconf 87' lang='lat' dir='ltr'>me</span> <span class='ocrx_word' id='word_1_335' title='bbox 253 4036 376 4114; x_wconf 89' lang='lat' dir='ltr'>primum</span> <span class='ocrx_word' id='word_1_336' title='bbox 387 4037 485 4121; x_wconf 87' lang='lat' dir='ltr'>posuit</span> <span class='ocrx_word' id='word_1_337' title='bbox 499 4034 616 4104; x_wconf 77' lang='lat' dir='ltr'>varietas</span> <span class='ocrx_word' id='word_1_338' title='bbox 632 4034 781 4111; x_wconf 85' lang='lat' dir='ltr'>lectionis,</span> <span class='ocrx_word' id='word_1_339' title='bbox 795 4034 939 4102; x_wconf 72' lang='lat' dir='ltr'>obseruata</span> <span class='ocrx_word' id='word_1_340' title='bbox 952 4033 984 4096; x_wconf 90' lang='lat' dir='ltr'>iu</span> <span class='ocrx_word' id='word_1_341' title='bbox 997 4031 1101 4095; x_wconf 80' lang='lat' dir='ltr'>Aldina</span> <span class='ocrx_word' id='word_1_342' title='bbox 1112 4027 1186 4108; x_wconf 82' lang='lat' dir='ltr'>apud</span> <span class='ocrx_word' id='word_1_343' title='bbox 1202 4025 1260 4089; x_wconf 93' lang='lat' dir='ltr'>Ti-</span> 
     </span>
    </p>
   </div>
   <div class='ocr_carea' id='block_1_9' title="bbox 0 0 1373 4762">
    <p class='ocr_par' dir='ltr' id='par_1_9' title="bbox 0 0 1373 4762">
     <span class='ocr_line' id='line_1_37' title="bbox 0 0 1373 4762; baseline 0 0"><span class='ocrx_word' id='word_1_344' title='bbox 0 0 1373 4762; x_wconf 95' lang='lat' dir='ltr'> </span> 
     </span>
    </p>
   </div>
  </div>
 </body>
</html>
