2828 4762
351 358 647 424 nummum
670 361 984 425 ARGUMENTA·
1178 387 1212 428 er

137 492 272 555 Natalem
284 490 493 554 celebrandum.
506 494 591 556 Tune
603 494 677 556 enim
691 496 747 578 jam
759 496 878 556 duxerat
891 493 1041 577 Sulpitiam
1054 494 1102 556 ille
1115 506 1148 556 ut
1163 519 1215 558 os-

139 592 239 656 tendit
246 593 331 677 hujus
338 591 438 676 elegiae
447 618 475 655 v·
486 615 532 668 ιι,
543 592 720 673 uxorisfidos
729 597 838 679 optabis
846 617 965 657 umores.
976 597 1075 679 ltaque
1084 595 1215 659 existimo

141 704 257 773 poetem
274 705 406 756 nostrum
421 696 476 777 jam
489 694 629 756 Nemesin
644 695 717 757 circa
732 697 810 757 idem
819 707 931 774 tempus
942 718 1064 771 amasse,
1081 707 1116 756 ut
1130 719 1146 758 e
1164 716 1214 757 se-

142 791 260 875 quentis
267 792 365 878 elegiae
374 792 559 872 primoversu
568 806 645 876 patet
655 787 722 855 mro
731 817 839 869 meum,
854 796 1002 870 Ceu'uthe,
1015 809 1070 858 ete.
1081 794 1214 857 Tibullus

143 904 215 954 tunc
229 891 349 975 egregiis
364 892 395 954 iu
409 892 522 954 Deliam
537 892 708 955 carminibus
724 894 861 969 illustris,
879 894 1010 974 Sulpitiae
1027 895 1082 957 sub
1098 896 1217 958 bomine
1283 885 1289 896 ’

143 992 251 1068 latens,
266 992 359 1075 quarti
372 990 438 1053 libri
454 993 596 1077 elegantes
609 1013 707 1056 versus
720 993 853 1056 Cerinthi
866 995 1009 1057 amoribus
1020 996 1139 1083 largitus
1149 1009 1218 1059 erat

520 1176 720 1253 ELEGIA
749 1179 822 1252 111.

187 1352 266 1414 Hinc
280 1354 315 1414 ad
326 1353 391 1415 libri
403 1351 491 1414 'finem
507 1352 542 1413 de
553 1354 671 1416 Nemesi
686 1354 795 1439 agitm,
811 1376 875 1435 quse
886 1352 995 1416 Tibulli
1006 1355 1123 1416 ultimus
1137 1377 1217 1417 amor

140 1453 218 1526 futu
234 1456 282 1516 bas
300 1453 403 1538 elegias
420 1452 514 1535 itaque
539 1453 633 1530 cirea,
654 1476 701 1516 au.
714 1451 795 1538 733,
815 1452 894 1538 734,
914 1451 994 1538 735,
1014 1469 1090 1518 ortes
1115 1457 1218 1519 merito

144 1552 271 1628 dixeris,
290 1553 341 1614 sed
350 1552 465 1616 inverso
477 1553 597 1627 ordine,
612 1556 784 1638 traiectaque
795 1554 894 1637 quinta
908 1597 917 1628 ,
932 1566 967 1616 ut
979 1554 1055 1616 inter
1065 1556 1177 1616 tertiam
1188 1569 1219 1615 et

144 1662 273 1732 quartam
286 1664 424 1735 appareat
440 1653 587 1716 Caeterum
603 1652 651 1715 hic
667 1652 798 1713 rusticari
815 1651 902 1733 gestit
922 1651 1074 1726 Tibullus,
1100 1665 1218 1735 propter

27 1800 33 1813 ,
142 1750 262 1815 amicam
275 1775 324 1816 rus
340 1752 508 1829 abductam,
526 1775 613 1836 seque
628 1765 726 1816 tuetur
742 1751 887 1831 Apollinis
903 1754 1033 1832 exemplo
1043 1777 1052 1827 t
1064 1754 1167 1816 deinde
1184 1755 1219 1816 de

144 1850 250 1932 puelle
262 1851 416 1935 eupiditate
433 1853 631 1936 conqueritur.

528 2032 730 2110 ELEGIA
759 2036 825 2109 IV.

187 2205 318 2268 Nemesis
333 2228 430 2269 amore
444 2208 611 2282 devinctus,
631 2231 719 2290 quum
734 2227 766 2269 ea
780 2227 897 2269 munera
911 2206 1088 2285 postularet,
1107 2208 1142 2270 de
1157 2211 1217 2292 ejus

143 2307 258 2369 avaritia
272 2307 372 2370 acerbe
388 2308 592 2391 conqueritur,
616 2309 686 2370 deos
703 2309 892 2390 hominesque
907 2322 1036 2384 accusat,
1057 2309 1130 2371 diras
1152 2294 1219 2373 iacit

144 2406 269 2489 puell23
295 2407 447 2468 constituit
462 2419 557 2469 tamen
571 2407 656 2470 rniser
669 2409 716 2469 vel
735 2408 859 2491 paternis
873 2408 958 2470 bonis
972 2407 1095 2473 venditis
1111 2421 1219 2472 extun-

144 2506 213 2566 dere
228 2527 344 2568 munera
358 2506 462 2588 quibus
475 2506 551 2569 illam
565 2519 717 2593 expugnet.
733 2510 839 2568 Herm.

543 2713 749 2790 ELEGIA
781 2716 824 2788 V.

186 2906 230 2969 ht.
248 2905 362 2971 Valerio
380 2905 511 2972 Corvino
529 2907 659 2970 hlessalae
679 2906 737 2970 duo
756 2920 837 2970 erant
854 2906 924 2982 filii,
946 2907 1017 2970 alter
1034 2910 1148 2972 Marcus
1167 2911 1218 2995 qui

145 3009 250 3072 consul
261 3009 390 3070 luitcum
400 3007 540 3071 Cornelio
551 3009 677 3072 Lentulo
688 3031 712 3069 a.
725 3011 765 3069 U.
781 3009 817 3071 C.
833 3009 892 3091 750
902 3051 912 3083 ,
922 3008 994 3072 alter
1004 3010 1220 3089 Lucius,datus

145 3113 178 3172 in
188 3109 343 3194 adoptione
352 3108 461 3193 mgenti
472 3109 599 3173 Aurelire
609 3121 639 3171 et
653 3110 745 3172 dictus
758 3110 792 3170 L.
801 3109 937 3172 Aurelius
948 3112 1037 3173 Cotta
1050 3113 1220 3175 Messalinus

144 3210 284 3273 Volesus.
312 3209 406 3272 Alteri
428 3229 528 3271 eorum
553 3209 711 3294 gratulatur
733 3209 887 3286 Tibullus,
912 3212 992 3295 quod
1009 3213 1040 3272 in
1065 3212 1219 3298 collegium

146 3308 311 3393 quindecim
324 3308 454 3374 virorum
468 3309 554 3371 sacris
571 3309 709 3372 faciundis
731 3323 760 3373 et
773 3310 962 3390 inspiciundis
981 3312 1060 3375 libris
1077 3313 1218 3400 sibyllinis

144 3421 296 3489 cooptatus
311 3409 408 3471 fuerit.
432 3409 561 3471 Primum
582 3410 750 3488 Apollinem
768 3412 885 3475 invocat
899 3426 933 3476 ut
953 3413 1040 3476 sacris
1056 3414 1142 3499 hujus
1163 3416 1220 3477 diei

143 3509 319 3573 solemmbus
329 3511 420 3584 adsit,
432 3523 526 3573 narrat
534 3510 601 3570 inde
614 3510 781 3592 preclarum
789 3511 906 3596 Sibyllae
914 3514 1219 3578 oraculum-Romae

142 3611 210 3674 fata.
219 3612 338 3673 -Tum
348 3611 477 3697 prodigia
487 3610 540 3672 sub
550 3611 620 3672 illud
631 3623 744 3690 tempus
754 3613 812 3674 visa
824 3613 938 3692 repetit,
950 3613 1091 3699 habetque
1101 3617 1133 3676 in
1143 3617 1220 3679 votis

141 3723 178 3773 ut
192 3733 225 3774 ea
240 3734 329 3791 porro
344 3711 448 3774 abolita
464 3727 493 3773 et
507 3711 615 3775 sublata
630 3711 703 3783 sint3
720 3723 821 3775 contra
835 3728 973 3776 memorat
988 3716 1106 3778 meliora
1119 3716 1219 3779 omine

142 3833 180 3874 tx
191 3812 272 3875 lauro
284 3813 314 3874 in
323 3834 515 3887 moccense,
531 3826 560 3876 et
574 3813 694 3894 exponit
709 3812 804 3888 bona,
819 3836 885 3896 qus·¹
896 3814 963 3875 iude
978 3816 1037 3877 sint
1050 3837 1218 3900 consequu-

143 3924 230 3987 tura,
255 3912 344 3995 inque
359 3912 404 3974 his
422 3911 526 3974 bonam
540 3932 678 3985 messem,
697 3910 868 3974 vindemiam
883 3935 915 3973 ac
938 3912 1058 3975 feturam
1078 3917 1219 3994 pecudis,

142 4011 323 4096 tuendaque
336 4012 534 4076 matrimonia:
551 4013 618 4073 iude
632 4011 721 4074 festos
735 4012 795 4074 dies
811 4013 846 4074 ab
858 4012 1013 4097 agrestibus
1030 4015 1157 4079 hilariter
1165 4039 1220 4098 pe.

144 4113 286 4199 ragendos
302 4115 392 4198 inque
410 4114 446 4179 iis
464 4117 545 4178 lusus
561 4114 736 4188 amatorium
759 4115 836 4176 inter
851 4136 925 4197 quos
945 4116 990 4180 sui
1007 4116 1099 4198 ipsius
1116 4124 1220 4186 amoris

1030 4265 1052 4319 8
