2828 4762
330 390 648 464 ELEGIARUM
671 393 1053 466 LIB.I.ELEG.'I.
1200 401 1220 464 5
1271 397 1279 412 ’

209 529 275 602 Seu
292 547 385 605 vetus
403 531 437 604 in
457 531 553 605 trivio
567 531 667 606 llorea
683 552 768 609 serta
786 533 893 637 lapis:

156 653 205 725 Et
224 652 445 754 quodeunque
462 654 547 727 mihi
561 683 697 755 pomum
715 666 820 732 novus
838 660 953 734 educat
968 688 1094 750 annua,

209 774 363 856 Libatum
380 774 531 887 agricola
547 777 685 875 ponitur
701 796 776 852 ante
795 779 878 867 de03

157 893 257 970 Flava
276 897 394 984 Cer‘e's,
416 897 478 969 tibi
496 897 539 970 sit
556 917 671 972 nostro
689 900 727 974 de
744 928 818 974 rure
836 930 956 976 corona
1000 922 1003 925 ’
1190 926 1219 978 ι5

208 1017 341 1117 Spicea,
361 1046 433 1118 quae
450 1016 569 1118 templi
579 1020 720 1119 pendeat
737 1039 812 1095 ante
829 1023 936 1110 lores3

156 1125 377 1240 Pomosisque
395 1133 494 1251 nuber
511 1147 623 1254 custos
639 1147 785 1253 pdnatur
802 1129 976 1244 iulhortis,

154 1337 266 1405 lfisas,
281 1353 339 1404 qne·
349 1335 520 1391 Brouekhusii
530 1337 663 1407 explicatio

156 1423 213 1478 est,
226 1412 272 1467 sed
286 1415 312 1467 in
326 1414 381 1468 loco
393 1415 497 1468 deserto
511 1414 537 1468 b,
546 1435 569 1467 e.
583 1414 664 1467 inlre·

155 1503 255 1560 quente
263 1494 373 1562 positum
384 1494 503 1563 Propert.
513 1494 525 1546 l
534 1532 541 1557 ,
550 1511 601 1558 xx,
614 1493 661 1546 tt:

157 1568 297 1622 «Roscida
312 1573 415 1622 desertis
428 1588 506 1639 poma
520 1570 568 1623 sub
587 1569 662 1622 arbo-

155 1647 237 1702 ribus
253 1669 268 1695 υ
285 1648 426 1715 Moschus,
446 1651 505 1714 ltl,
526 1667 590 1701 vers.
612 1666 661 1700 al:

156 1730 207 1782 ote
225 1725 257 1781 ἴτ’
272 1729 408 1801 impetam
424 1729 465 1779 tiu*
483 1732 570 1800 o‘purlu¹
584 1730 662 1792 iperet

157 1809 220 1875 ᾄδει.
232 1805 361 1860 Huscur.

191 1904 229 1936 ra.
239 1884 328 1938 tuom
336 1893 411 1939 serta.
427 1881 519 1936 Coder
529 1880 610 1935 Paris.
621 1899 665 1932 ex-

155 1960 229 2015 bibet
235 1960 346 2028 slon‘das
361 1961 492 2015 Broucklr.
501 1959 664 2031 doeetstorea

154 2039 207 2094 diei
220 2059 277 2108 quae
288 2060 318 2094 er
330 2041 437 2094 floribus
451 2039 520 2093 liunt
536 2050 581 2092 aut
593 2056 664 2092 eon-

154 2129 282 2171 texuntur
293 2138 300 2170 ι
312 2118 446 2186 infloridr's
457 2128 545 2170 autem
561 2115 664 2169 videtur

154 2215 210 2250 esse
223 2197 354 2250 translatio
366 2197 486 2266 quaedam
500 2215 558 2266 queo
569 2196 663 2264 jucun·

155 2273 266 2327 ditatern
280 2274 428 2343 significet,
444 2284 470 2327 et
485 2270 664 2344 pulchritudi-

155 2370 221 2405 nem
228 2363 305 2421 atque
313 2352 498 2407 amabilitatem
507 2372 514 2413 ;
523 2349 601 2418 idque
610 2366 664 2399 ma·

157 2448 209 2497 gna
220 2429 399 2497 exemplorum
410 2428 483 2497 eopia
494 2426 664 2480 demonstrat.

193 2505 230 2558 13.
242 2506 346 2559 Novum
358 2506 420 2559 anni
432 2516 551 2574 tempus,
565 2523 599 2556 se.
610 2500 662 2555 sive

157 2581 307 2636 autumnale
315 2583 368 2636 sive
375 2579 578 2648 oestivum,quod
586 2597 671 2648 poma¹

157 2660 288 2713 nascentia
308 2659 432 2729 temperie
446 2676 492 2711 sua
505 2656 583 2708 lovet.
603 2656 667 2707 lloo

157 2735 231 2788 enim
243 2747 282 2789 est
291 2740 382 2789 educat
392 2733 433 2791 vel
445 2732 596 2802 simpliciter
605 2749 664 2800 pro-

711 1358 806 1392 mnum
817 1337 975 1408 intelligunt,
984 1339 1064 1394 Bacb.
1071 1340 1217 1411 Silvanum,

711 1434 790 1485 quem
801 1414 880 1470 etiam
890 1414 939 1469 boe
946 1414 1003 1470 loeo
1010 1417 1035 1469 J.
1043 1418 1079 1471 H.
1088 1418 1161 1474 Voss.
1173 1441 1220 1474 ve-

711 1505 835 1557 neratur;
845 1494 891 1548 sed
902 1493 1027 1563 Vulpius,
1038 1497 1111 1564 cujus
1120 1497 1149 1550 in
1159 1518 1217 1552 sen·

710 1571 820 1626 tentiam
829 1572 947 1626 eundum
954 1573 1117 1641 censuimus,
1129 1596 1219 1644 quern-

710 1656 813 1717 runq'ue
834 1647 996 1719 agriculturae
1019 1648 1155 1719 praesidem
1177 1651 1220 1706 hic

713 1724 857 1793 designari,
870 1724 1004 1781 existimat.

748 1805 786 1854 15.
795 1801 927 1856 Videntur
938 1814 966 1857 et
979 1803 1021 1856 alii
1034 1804 1071 1857 dii
1079 1805 1218 1860 rurationis

713 1875 833 1946 praesides
849 1897 957 1932 coronas
974 1880 1070 1949 spiceae
1089 1893 1218 1951 gestam
1289 1923 1291 1929 -

712 1966 799 2025 aperte
814 1956 863 2011 boe
876 1968 985 2012 testatur
997 1971 1088 2013 noster
1102 1972 1177 2031 poeta
1189 1961 1218 2014 in

712 2033 765 2088 line
777 2034 856 2103 hujus
871 2035 946 2103 libri,
965 2036 1004 2090 El.
1019 2056 1054 2104 x,
1067 2059 1102 2092 vs.
1115 2061 1153 2092 aa.
1166 2039 1219 2094 Hic

710 2132 765 2167 non
778 2113 862 2184 agitur
869 2115 902 2168 de
913 2135 1010 2169 corona
1018 2136 1076 2186 quat
1086 2117 1170 2173 crines
1180 2139 1220 2172 re·

711 2191 840 2267 dirimet,
852 2193 970 2263 sequitur
981 2194 1053 2249 enirn
1067 2196 1154 2251 statim
1165 2218 1219 2266 pra

710 2273 1218 2340 teoplrpeadearaatesores.Bnoucnn.

710 2344 1217 2422 -EodemsensuProperth,1x,29:

712 2444 725 2468 α
739 2422 888 2491 Omnibus,
912 2425 982 2479 beu!
1006 2428 1087 2497 portis
1101 2430 1220 2498 pendent

711 2520 770 2554 mea
783 2505 934 2558 noxiavota.
949 2528 963 2551 a
982 2505 1034 2559 Hie
1052 2518 1141 2559 autem
1154 2518 1219 2560 tem·

710 2576 746 2645 pli
758 2578 926 2646 appellatione
936 2592 1012 2648 poeta
1023 2582 1144 2635 sacellum
1153 2584 1218 2636 desi·

711 2664 789 2722 gnam
801 2664 830 2707 ut
842 2655 869 2708 in
882 2654 971 2724 Elegia
979 2674 1011 2722 x,
1026 2676 1091 2710 vers.
1104 2678 1136 2710 ao
1146 2660 1220 2713 :Sla-

711 2735 756 2784 tat
762 2737 790 2792 ἐκ
800 2734 997 2800 ετιζιιαΙιζιιενε
1007 2738 1060 2787 ade
1069 2738 1138 2787 deus.

157 2812 218 2880 tert,
230 2814 320 2883 gignit,
329 2814 391 2868 utin
400 2811 512 2874 lusibus,
526 2809 574 2859 31:
588 2807 664 2860 «Βε-
721 2871 726 2882 ,
747 2831 784 2880 ¹7·
798 2812 885 2862 Ruber
894 2807 988 2863 dicitur
999 2810 1059 2879 quia
1074 2811 1157 2865 minio
1173 2811 1219 2882 pi-

158 2902 229 2946 tasve
242 2903 351 2964 quantas
372 2891 463 2945 hortus
483 2888 578 2942 educat
602 2887 665 2939 nul·
711 2900 784 2951 ctus,
800 2898 894 2942 notum
909 2907 940 2941 ex
958 2887 1061 2942 lusibus.
1079 2892 1171 2946 Herus.
1186 2919 1220 2933 -·

157 2969 206 3023 lus.
217 2991 232 3016 a
249 2970 359 3023 Annum
376 2971 504 3024 vocabant
520 2968 664 3038 quamlibet
713 2966 856 3020 Lambinus
863 2966 1112 3039 donatrrlegebatin
1124 2971 1218 3026 Horat.

159 3048 222 3101 anni
235 3057 352 3117 partem,
376 3046 465 3101 addito
483 3047 599 3116 epitheto
618 3044 664 3097 ‹ti-
711 3044 754 3099 lib.
766 3047 795 3112 1,
809 3045 969 3118 Satyrum,
982 3049 1087 3113 vered,
1100 3059 1127 3101 et
1136 3049 1218 3104 Lucas

158 3125 293 3179 scretionis
304 3125 392 3195 gratia.
408 3125 499 3176 Hm«.
712 3142 816 3193 quoque
826 3123 975 3189 Fruterius,
989 3124 1069 3194 Epist.
1081 3129 1114 3192 5,
1128 3128 1218 3182 adsen-

202 3204 238 3267 ¹4
261 3201 353 3255 Codex
371 3199 452 3254 Paris.
469 3217 531 3253 eum
547 3197 662 3253 editione
712 3202 793 3256 tiente
806 3202 1036 3272 Liuineio-Sed
1047 3207 1219 3272 porr'dicitur

160 3299 221 3334 ann.
233 3284 292 3348 1472
301 3293 327 3336 et
332 3280 386 3336 aliis
396 3278 525 3335 codicibus
533 3279 617 3344 MSS,
624 3299 664 3332 ex·
713 3282 822 3351 Priapus
828 3283 909 3337 verbo
919 3281 1040 3352 proprio,
1050 3284 1121 3352 quod
1128 3285 1218 3338 sedem

158 3360 233 3414 bibet
248 3372 306 3414 ante
322 3365 401 3416 deum
415 3361 537 3414 llluretus
554 3357 666 3412 correxit
713 3370 785 3414 notat
801 3371 899 3413 oertam
913 3379 942 3413 ac
958 3358 1092 3427 stabilem,
1111 3361 1156 3415 ubi
1176 3360 1219 3416 ille

155 3443 260 3506 ponitur
270 3449 329 3493 arte
343 3443 397 3493 deo.
412 3428 504 3495 luerat
514 3434 595 3491 codini
614 3435 664 3503 Co·
713 3435 816 3506 perdius
824 3446 850 3488 et
860 3455 958 3505 pernox
967 3435 1149 3505 excubiasagat
1157 3458 1219 3491 ron·
1311 3474 1314 3480 -

160 3513 216 3567 lotii
229 3518 493 3582 afficolam...deunr,
510 3513 616 3583 qundin
625 3531 666 3565 ex·
712 3525 752 3568 tra
761 3515 839 3579 sures,
852 3525 906 3567 tam
916 3513 1030 3567 volantes
1042 3516 1218 3583 quamambu·

160 3596 256 3664 cerptis
267 3594 398 3648 Antonini
410 3593 505 3648 Poccli
523 3594 664 3662 legebatur.
712 3589 802 3644 lantes.
810 3590 855 3644 Sic
864 3591 916 3659 ipse
925 3590 957 3643 de
968 3611 995 3645 se
1003 3592 1136 3661 praedicat:
1146 3615 1160 3639 e
1169 3594 1218 3645 Pa·

160 3668 214 3723 Atii
227 3676 376 3739 a5rr'colas...
388 3676 447 3724 deos
457 3672 608 3725 maluerunt
616 3669 627 3735 ,¹
637 3670 664 3721 in
712 3689 774 3735 rum
785 3681 824 3723 est
837 3669 955 3722 Misellos
970 3670 1070 3723 saraim
1091 3669 1161 3739 quod
1177 3671 1220 3725 bic

161 3749 256 3820 quibus
267 3751 440 3818 Bartbius,et
448 3751 543 3804 Joann.
552 3750 666 3804 Pricaeus
712 3748 820 3814 sedem,
837 3749 940 3817 Agente
954 3760 1022 3801 terra
1041 3769 1088 3818 per
1106 3749 1217 3802 canicu-

161 3828 206 3898 qui
217 3840 244 3883 et
254 3829 408 3898 interpretes
420 3830 468 3884 boc
480 3849 534 3883 non
546 3827 666 3882 advertis·
714 3825 766 3879 lam
788 3826 883 3892 rimas,
904 3825 1067 3879 Siticulosam
1086 3825 1217 3881 sustinens

161 3926 189 3961 se
205 3906 363 3976 indignatur.
373 3906 666 3963 Beonan—Auson-
714 3903 756 3958 die
777 3914 913 3967 natatem
940 3904 1040 3956 Parum
1059 3901 1128 3971 quod
1152 3901 1218 3956 imos

162 3994 188 4036 te
205 3983 240 4036 ita
256 3983 355 4039 dietum
372 3985 452 4039 deum
467 3983 607 4055 ¹agrirmlam
625 3983 666 4036 vix
714 3983 840 4052 perluunt
856 3984 928 4036 sinus
946 3981 1057 4046 imbres,
1072 3981 1106 4034 Et
1124 3982 1150 4034 in
1169 4002 1219 4036 ca·

161 4059 243 4113 alium
250 4080 303 4114 esse
313 4073 385 4130 putat
395 4064 483 4134 Heyn.
494 4080 571 4130 quam
585 4060 665 4115 Pria-
712 4061 785 4131 pillos
793 4059 932 4131 grandines
939 4057 1158 4124 caduntnostros,
1172 4060 1221 4113 Ri-

162 4158 227 4208 pum
237 4160 244 4204 3
256 4140 384 4195 Broucltb.
393 4152 419 4196 et
429 4140 554 4196 Heinsius
561 4143 666 4197 Vertu-
716 4150 810 4207 getque
820 4136 886 4189 dura
899 4136 977 4190 barba
990 4136 1075 4191 uncta
1085 4137 1203 4208 crystallo
1209 4155 1219 4202 3
