2828 4762
342 374 645 436 TESTIMONlA
667 375 727 436 ET
747 374 956 436 Junletlt.
1111 374 1183 456 xcvij

189 526 309 584 domus
325 522 436 584 Cassan
458 526 632 597 scampno,
653 525 796 595 Poets'cest
816 523 881 583 Lib.
895 522 960 596 VI,
975 530 1041 600 cap.
1056 536 1115 581 vn.

156 648 280 710 Facilius
294 671 310 710 e
324 648 433 709 Tibulli
444 647 514 709 locis
527 647 706 726 expediemus
719 670 865 710 censuram
876 646 1012 711 nostram.
1024 645 1186 708 Uniformis

111 756 167 818 ille
181 777 262 833 paene
277 767 357 815 totns
373 766 432 828 est,
451 754 553 834 vixque
571 753 717 816 discedens
731 755 766 816 ab
780 778 810 817 se
825 755 888 834 ipso
906 754 1102 841 eodempaene
1114 773 1185 838 gyro

114 861 312 924 concluditur.
324 860 417 921 Audis
425 860 501 921 enim
509 881 600 935 casas,
610 860 711 935 socos,
722 882 788 921 rura
798 905 807 937 ,
818 882 953 934 nemora,
965 860 1066 939 praela,
1077 859 1185 938 spicas,

116 990 197 1029 sacra
212 981 273 1029 tum
287 990 382 1050 saepe,
398 979 460 1028 tum
472 965 603 1026 multum.
618 966 757 1028 Omnium
773 987 842 1029 vero
856 964 1050 1040 cultissimus,
1067 987 1121 1028 nec
1136 987 1187 1026 re-

116 1076 249 1137 dundans
264 1077 296 1144 in
310 1074 407 1156 elegia.

234 1233 419 1291 Joscnrnus
436 1231 666 1303 Csnsmmus,
684 1232 715 1289 in
730 1229 885 1291 Elemeno's
897 1229 1062 1290 Rdewdcm

159 1363 226 1444 Ego
246 1383 315 1423 vcro
335 1360 447 1443 quoties
470 1360 578 1422 Tibulli
597 1361 718 1423 carmina
737 1362 823 1444 lego,
845 1360 916 1421 nihil
931 1360 1049 1439 amplius
1069 1359 1186 1443 requiro

119 1489 212 1549 neque
226 1467 399 1542 venustatis,
416 1489 509 1550 neque
523 1467 669 1552 elegantiae
685 1491 692 1526 :
710 1467 869 1529 doctrinam
885 1477 980 1528 autem
997 1477 1027 1527 et
1043 1465 1188 1527 eruditio-

118 1596 186 1635 nem
201 1573 333 1635 admiror.
351 1574 456 1635 Omnia
467 1586 527 1634 arte
541 1573 695 1655 stddioqne
706 1597 818 1636 summo
829 1574 940 1633 elimata
950 1572 1021 1633 mihi
1035 1571 1185 1634 videntur:

118 1681 215 1761 itaque
230 1680 260 1740 in
275 1681 390 1741 maxima
407 1680 538 1743 facilitate
552 1681 614 1756 illa,
630 1703 696 1741 cura
710 1694 804 1742 tamen
820 1677 1022 1742 elaborationis
1040 1678 1188 1760 conspici-

117 1799 180 1847 tur.
195 1785 288 1848 Verba
305 1786 430 1867 optima,
448 1788 597 1850 sententiae
611 1786 773 1868 exquisitoe,
793 1786 967 1869 compositio
983 1785 1135 1858 omnibus,
1157 1797 1190 1844 ut

118 1893 218 1968 aiunt,
235 1893 357 1955 numeris
368 1894 500 1972 perfecta.
512 1895 556 1954 Ex
567 1915 625 1975 quo
637 1914 751 1954 necesse
764 1904 809 1955 est
824 1893 882 1954 hoc
895 1885 1101 1976 consequatur,
1123 1912 1189 1951 ear-

118 2000 216 2074 mina,
231 1982 264 2060 ut
279 2001 336 2061 sint
352 2012 384 2061 et
398 2022 515 2079 cmora,
529 2011 560 2063 et
573 1999 734 2082 splendida,
751 2013 780 2062 et
794 2000 944 2062 concinna.

213 2156 403 2216 Hsnmsnus
417 2157 610 2233 Tounnnus,
624 2158 741 2220 Advers.
758 2156 821 2217 Lib.
837 2159 925 2232 XVI,
943 2181 1006 2241 cup.
1023 2175 1089 2219 xlx.

159 2286 314 2362 Tibullus,
327 2287 375 2348 ille
386 2288 494 2367 politus
507 2290 656 2371 suavisque
668 2301 768 2372 poeta,
780 2303 810 2351 et
824 2291 938 2371 quidem
948 2289 1089 2351 Phoebeus
1102 2289 1184 2364 olor,

114 2396 144 2455 in
162 2417 225 2477 quo
242 2394 369 2456 sincerus
389 2416 451 2456 csse
464 2395 577 2457 videtur
596 2408 625 2456 et
646 2396 788 2478 ingenuus
805 2397 901 2458 Latini
918 2397 1058 2459 sermonis
1080 2417 1185 2479 sapor,

113 2501 198 2565 nullo
215 2502 370 2584 peregrino
385 2503 498 2565 vitiatus
513 2524 611 2564 succo.
1080 2512 1081 2516 ’

307 2636 445 2697 Jsconns
465 2638 705 2709 Sannazsmns,
725 2636 787 2696 Lib.
807 2638 857 2709 11,
877 2636 956 2712 Eleg.
973 2650 996 2694 1.

283 2765 417 2821 Battiaden
430 2766 499 2819 docti
509 2778 615 2818 sectatur
625 2766 699 2818 Musa
711 2765 825 2839 Properti
836 2781 843 2814 ε

317 2858 423 2911 Flaccus
433 2858 582 2911 Pindaricos
596 2857 688 2911 dividit
699 2877 758 2910 anre
768 2857 865 2910 modos.

286 2949 394 3003 Passeris
410 2949 537 3019 exsequias
550 2950 629 3000 fracto
643 2948 710 3000 canit
724 2968 767 3000 ore
782 2946 911 3001 Catullus:

318 3040 358 3090 Tu
369 3040 491 3091 Nemesin
501 3038 601 3105 laudas,
617 3036 682 3091 culte
695 3037 811 3104 Tibulle,
827 3050 905 3090 tuam.
995 3056 999 3066 ⁴

276 3185 396 3243 Jusrus
413 3183 558 3254 Lrnsrus,
579 3181 646 3244 Var.
663 3181 740 3241 lact.
757 3180 819 3243 Lib.
837 3180 871 3256 1,
888 3202 951 3262 cop.
968 3196 1035 3240 xxr.

151 3312 299 3378 Tibullus
309 3312 421 3394 elegans
434 3312 596 3395 cumprimis
608 3325 707 3395 poeta,
724 3310 795 3371 etin
810 3313 891 3393 cujus
906 3311 1062 3389 purissimis
1079 3313 1189 3390 seriptis

109 3425 209 3488 nativa
227 3418 361 3503 quaedam
377 3432 406 3479 et
420 3419 567 3481 vernacula
582 3419 692 3480 Latinae
707 3416 813 3502 linguae
827 3417 965 3477 munditia
978 3418 1094 3481 relucet.

221 3558 359 3616 Issacus
376 3555 607 3629 Cssausonus,
624 3553 749 3613 Lection.
766 3553 904 3613 Theocrit.
920 3575 982 3634 sup.
995 3569 1076 3614 xvn.

148 3689 322 3755 conteram
337 3701 430 3750 tamen
445 3687 567 3749 studiosi
585 3687 760 3766 poeticarum
777 3687 969 3747 amoenitatum
986 3686 1117 3769 ldyllium
1133 3683 1192 3746 boe

106 3825 178 3863 cnm
195 3810 297 3883 poetae
312 3795 460 3857 cultissimi
477 3794 586 3858 Tibulli
602 3795 700 3876 Elegia
716 3806 832 3876 quarta,
850 3793 924 3855 libro
941 3794 1044 3877 primo.
1056 3794 1130 3856 Nam
1144 3793 1191 3853 illa

107 3909 255 3973 ridentur
270 3904 307 3966 ad
322 3902 473 3965 Theocriti
485 3901 674 3963 imitationem
690 3900 781 3964 dicta:

288 4033 409 4089 Carmine
422 4053 545 4108 purpurea
556 4043 593 4085 est
602 4031 659 4084 Nisi
669 4051 740 4084 roma
753 4047 759 4083 :
770 4031 883 4084 carmina
894 4030 922 4081 ni
933 4012 1009 4092 sint,¹

323 4127 361 4178 Er
373 4125 477 4179 humero
488 4123 589 4198 Pelopis
603 4143 656 4179 non
669 4124 782 4178 nituisset
795 4123 862 4174 ebur.
883 4162 885 4165 .
