2722 4762
281 339 547 402 CODICIBUS
574 341 634 401 ET
659 340 985 403 EDITIONIBUS.
1103 345 1164 411 tm

145 472 312 534 Cstvutvs
327 469 459 530 Tibullus
475 470 651 549 Propertius.
665 471 829 553 Antrerpioe
837 516 847 545 ,
864 495 897 534 ex
911 472 1023 535 officina
1033 474 1170 536 Christo-

105 571 189 655 pbori
204 568 330 629 Plautini
348 571 539 628 Mtttxnt.

100 704 101 707 ¹
146 676 270 749 Mirum,
286 677 317 734 in
332 675 417 735 titulo
430 697 490 734 nnn
502 676 651 736 memorari
667 677 750 738 Corn.
767 678 851 740 Galli
864 683 1049 759 Fragmenm5
1064 705 1128 764 quae
1138 682 1170 742 in

105 781 157 840 hac
174 778 300 838 editione
323 767 456 858 leguntur
473 789 540 854 post
557 775 703 837 Tibullum
726 801 791 837 curn
808 781 949 861 prooemio
965 783 1080 844 Tbeod.
1095 784 1170 844 Pul-

105 872 1170 956 manni.NempeCatullumctTibullumVictorGiselinusetPulmenous,

107 978 220 1040 Gallum
232 976 408 1035 Pulmannus
421 974 500 1033 solus
516 973 644 1032 curavit:
662 976 842 1057 Propertium
857 978 1006 1040 Cauterus.
1020 979 1171 1040 Santonius

105 1078 136 1137 in
152 1072 344 1137 Collectaueis
357 1076 393 1132 ita
406 1094 412 1130 :
424 1070 568 1132 Fabricius
580 1072 695 1153 quidem
711 1085 740 1133 et
755 1075 902 1138 Ernestius
917 1078 948 1137 in
962 1077 1037 1138 Bibl.
1054 1079 1117 1137 Lat.
1137 1080 1171 1152 I,

108 1195 134 1233 c.
144 1189 212 1244 xlv,
228 1169 255 1252 ξ
271 1191 291 1253 9
306 1167 508 1242 crediderunt,
525 1169 581 1232 boc
596 1190 671 1230 auno
685 1169 867 1261 Propertium
879 1173 1025 1249 separatim
1039 1195 1100 1235 esse
1115 1176 1173 1235 edi·

106 1282 167 1329 tum
181 1269 352 1336 aCanter03
372 1265 484 1325 sedens
500 1265 556 1326 salli
572 1264 637 1325 satis
652 1277 730 1343 patet
740 1288 773 1325 ex
785 1266 829 1326 his
843 1268 949 1341 verbis,
970 1270 1035 1329 lruic
1052 1270 1174 1332 editioni

108 1366 227 1446 praefixis
242 1389 248 1426 :
266 1394 284 1432 κ,
293 1368 338 1426 En
354 1364 422 1437 tibi,
438 1364 554 1425 candide
571 1364 682 1439 lector,
702 1364 848 1426 Catullum
861 1379 890 1425 et
902 1368 1048 1429 Tibullum
1064 1373 1173 1433 doctis-

110 1466 246 1526 simorum
257 1465 386 1524 virorum
400 1461 570 1523 lectionibus
580 1485 596 1521 a
606 1462 724 1523 Victore
739 1463 873 1526 Giselino
884 1478 914 1525 et
928 1467 1085 1529 Theodoro
1100 1471 1174 1530 Pul-

110 1587 214 1625 mauno
230 1561 427 1643 Cmueburgio
448 1559 574 1621 studiose
597 1573 626 1621 et
645 1562 796 1645 diligenter
815 1563 966 1637 collectis,
992 1567 1173 1642 emendatos,

112 1663 207 1743 quibus
229 1682 281 1720 suo
294 1659 360 1737 jure
380 1661 499 1718 occessit
521 1659 681 1740 Propertius
700 1661 839 1722 Gulielmi
857 1662 982 1733 Canteri
994 1665 1120 1727 Scholiis
1139 1668 1178 1728 ita

112 1760 285 1832 illustratus,
303 1756 374 1817 nibil
392 1769 423 1817 ut
438 1757 558 1839 amplius
579 1758 614 1817 ad
632 1758 771 1836 optimum
787 1772 898 1838 poetam
919 1775 998 1826 recte
1012 1764 1176 1849 intelligen-

113 1858 180 1918 dum
194 1856 346 1917 desiderari
360 1877 443 1933 posse
458 1855 622 1918 videatur.»
638 1859 682 1916 Ex
699 1859 741 1918 bis
758 1859 850 1920 verbis
867 1862 1028 1944 neutiquam
1039 1864 1177 1940 efficitur,

113 1958 295 2038 Propertium
321 1955 498 2035 conjunctum
515 1977 580 2016 cum
598 1956 714 2017 Catullo
733 1970 762 2017 et
779 1960 897 2023 Tibullo
917 1964 1079 2040 prodiisse,
1098 1978 1128 2028 et
1145 1991 1178 2030 ex

115 2057 239 2120 editione
253 2058 312 2135 ipsa
327 2054 476 2115 manifesto
491 2065 623 2135 apparet,
641 2055 721 2116 illum
733 2057 878 2134 separatim
895 2059 1002 2121 editum
1019 2085 1089 2125 esse.
1104 2067 1179 2127 Nam

114 2158 264 2240 signaturae
278 2153 481 2216 continuantur
496 2173 511 2211 a
524 2153 637 2215 Catullo
651 2155 686 2215 ad
696 2156 811 2217 Gallum
826 2159 887 2218 sine
901 2158 1119 2239 interruptione.
1136 2165 1179 2224 At

114 2269 178 2340 post
194 2255 311 2317 Gallum
327 2252 427 2334 incipit
445 2272 534 2313 novus
550 2251 651 2314 titulus
666 2275 731 2312 cum
747 2275 819 2314 nora
835 2255 976 2338 signatura
994 2281 1000 2316 :
1019 2261 1084 2323 Sex.
1100 2263 1177 2323 Pro·
1243 2288 1246 2295 ⁴

114 2353 197 2438 pertii
217 2350 399 2435 Elegiarnm,
422 2349 487 2409 libri
509 2350 677 2411 luteum
702 2351 826 2413 scholiis
850 2353 922 2414 Gul.
940 2355 1066 2418 Cauteri.
1088 2360 1177 2422 Ante.
1244 2387 1250 2405 ⁸

116 2462 159 2522 Ex
173 2459 224 2521 ott.
241 2456 351 2520 Christ.
366 2456 500 2517 Plantiui.
516 2458 708 2517 M.D.LXlX.

157 2575 191 2632 ln
208 2570 326 2635 Tibullo
348 2567 491 2629 consentit
512 2566 574 2626 baec
598 2566 686 2627 editio
706 2567 873 2648 plemmque
893 2591 957 2629 cum
976 2571 1068 2632 Plant.
1089 2573 1176 2636 1560.
1194 2579 1208 2599 ²

117 2673 225 2732 Mutata
238 2668 376 2731 tamenin
391 2666 552 2727 uuiversum
563 2664 637 2724 baud
652 2684 737 2741 pauca
748 2676 832 2737 sunt,
847 2667 970 2743 primum
984 2668 1015 2726 in
1025 2672 1178 2752 orthogra-

119 2771 193 2851 phia.
207 2773 276 2831 Nam
292 2769 365 2829 illata
376 2766 422 2826 illa
432 2766 461 2825 in
473 2764 597 2842 priorem
613 2756 786 2846 dipbtliongi
799 2786 900 2846 graecae
915 2765 1051 2844 scriptura
1061 2791 1179 2846 prorsus

119 2872 224 2953 abjecta
237 2880 287 2928 est
305 2868 397 2927 Etiam
410 2886 496 2925 novas
513 2863 651 2924 lectiones
668 2862 827 2923 intulerunt
839 2863 972 2924 editores.
986 2867 1130 2928 Variantes
1147 2868 1179 2929 in

121 2969 243 3051 margine
256 2979 346 3028 auctae
356 2976 423 3025 sunt
432 2986 448 3025 e
458 2962 581 3024 Statiaoa
593 2961 738 3035 editione,
754 2983 787 3022 ex
800 2984 854 3044 qua
865 2978 1049 3026 correxerunt
1059 2967 1179 3032 subinde

122 3067 272 3130 lectionem
288 3062 412 3135 Mureti,
427 3085 511 3144 quam
527 3062 557 3120 iu
568 3060 677 3122 caeteris
689 3073 855 3142 sequuntur.
871 3065 949 3124 lnter
963 3064 1023 3125 illas
1033 3067 1180 3132 Variantes

122 3163 300 3244 reperiuntur
314 3160 395 3220 etiam
409 3158 546 3220 lectiones
560 3158 713 3242 scaligeri,
732 3158 781 3241 qui
793 3172 965 3222 memoratur
977 3164 1048 3224 adeo
1065 3165 1095 3225 iu
1112 3168 1180 3228 No-

123 3277 216 3326 samm
230 3262 433 3343 explicatione,
451 3258 591 3336 prooemio
605 3257 738 3341 subjecte.
756 3261 822 3319 Hoc
834 3260 983 3323 fluscblio
999 3265 1097 3346 injecit
1113 3289 1182 3330 sua-

123 3362 286 3441 picionem,
301 3357 440 3437 proditam
450 3357 481 3416 iu
494 3358 697 3419 commentario
707 3356 742 3416 ad
753 3355 856 3417 librum
866 3357 993 3433 Tibulli,
1007 3363 1064 3435 lV,
1079 3381 1131 3439 11,
1143 3387 1180 3439 2,

124 3473 153 3522 et
163 3461 197 3520 ad
208 3457 295 3520 Marsi
305 3457 491 3539 epigramma,
505 3453 679 3515 circumferri
691 3457 773 3538 hujus
786 3455 920 3518 editionis
933 3461 1096 3538 exemplaria
1105 3464 1183 3524 adul·

124 3558 231 3630 terina,
248 3555 348 3638 quibus
369 3553 435 3614 falsa
454 3553 521 3614 anni
540 3566 609 3615 nota
628 3555 762 3633 impressa
781 3568 866 3616 esset.
888 3558 952 3632 Qua
970 3558 1000 3619 in
1020 3561 1183 3638 suspicione

124 3657 202 3718 illurn
213 3653 396 3716 confirmabat
407 3654 544 3726 Vossius,
558 3653 608 3735 qui
623 3655 654 3714 in
670 3676 718 3715 ora
729 3654 896 3731 exemplaris
910 3658 954 3717 sui
964 3657 1117 3736 Epitaphio
1129 3660 1183 3721 Ti-

126 3753 194 3815 bulli
206 3752 379 3830 adscriptum
390 3752 430 3811 ait
442 3772 503 3812 esse
517 3762 581 3812 ante
594 3749 768 3834 scaligerum
783 3773 799 3811 a
811 3752 970 3814 Pulmauno
982 3776 989 3812 :
1002 3756 1185 3836 Epigramma

125 3852 212 3914 Marsi
227 3853 261 3912 de
276 3863 363 3911 morte
383 3850 494 3911 Tibulli.
510 3853 580 3912 ttoec
596 3850 705 3911 notatio
724 3849 759 3910 ab
776 3850 853 3912 illius
873 3852 1001 3929 exemplo
1020 3851 1107 3913 abest.
1125 3856 1188 3918 Aut

128 3954 216 4038 igitur
222 3953 276 4014 alia
283 3951 401 4013 Vossius
408 3973 474 4012 usus
484 3962 528 4012 est
533 3949 659 4011 editione
667 3992 676 4024 ,
685 3962 733 4012 aut
741 3949 841 4011 tribuit
847 3951 1046 4025 Plautinianae,
1057 3955 1134 4044 quod
1141 3955 1187 4020 le-

127 4053 202 4138 gitur
217 4053 249 4114 iu
259 4074 310 4114 ora
322 4050 456 4137 Lugdun.
468 4071 514 4111 au.
531 4046 623 4131 1573,
641 4049 766 4130 quemad
782 4050 899 4112 verbum
914 4071 947 4110 ex
962 4049 1008 4112 illa
1022 4051 1188 4136 descriptam
