2722 4762
178 265 254 350 noj
558 263 618 325 os
651 259 850 323 11111111
902 299 906 323 .

178 398 288 459 ἁί111111
307 394 507 475 pertinentem.
531 393 622 470 Quod
643 391 810 455 confirmare
832 389 915 452 etiam
937 411 1057 481 possum
1077 403 1225 475 argumento

177 495 326 577 probabili.
346 498 421 557 Nam
431 494 630 568 Marklandus,
645 492 761 555 criticus
778 488 1038 574 cantabrigiensis,
1054 489 1089 551 ad
1105 489 1225 574 Propulsi

181 597 241 670 lt',
260 613 289 671 1,
306 618 354 680 79.

343 725 386 779 Me
399 738 466 780 creat
473 723 591 794 Archyta
603 722 700 776 soboles
713 721 871 792 Babylonius
879 721 983 773 Horos:

181 845 224 904 lta
239 841 339 904 scribit
350 843 427 921 apud
441 844 657 905 Burmanuumt
679 869 694 895 «t
706 840 766 903 Diu
775 851 819 902 est
833 839 912 921 quod
925 839 982 901 vidi
997 837 1150 922 legendum
1162 858 1227 907 esse,

180 942 298 1016 Horon,
327 963 360 1002 ex
385 963 479 1004 sensu.
507 943 599 1004 Horos
621 940 788 1024 babylonius
806 938 909 1001 creavit
930 961 977 1001 me
994 939 1113 1010 Horou,
1138 938 1229 1007 idest,

170 1041 269 1121 filium
286 1065 384 1116 suum,
407 1056 437 1104 et
453 1044 578 1126 ejusdem
596 1042 721 1105 nominis
735 1065 744 1115 3
773 1063 836 1103 sum
853 1040 945 1101 Horos
966 1039 1003 1099 nh
1022 1040 1118 1112 Horo,
1138 1039 1230 1103 confir-

179 1154 239 1204 mat
252 1145 341 1205 codex
355 1143 509 1219 d'Orvilli,
527 1158 557 1206 et
573 1145 662 1227 prima
677 1143 722 1205 ed.
737 1163 783 1204 au.
803 1139 888 1218 1471.
903 1168 917 1194 υ
932 1143 1043 1202 Rursus
1059 1162 1122 1202 non
1138 1138 1233 1201 intelli-

181 1243 273 1326 genda
289 1256 333 1305 est
347 1245 455 1305 Veneta
477 1243 609 1326 princeps
625 1265 669 1304 au.
690 1240 777 1325 1471.
799 1244 871 1303 Haec
886 1241 963 1302 enim
977 1239 1063 1302 habet
1083 1242 1182 1324 Orops.
1204 1238 1236 1298 u

180 1342 364 1425 intelligenda
378 1357 421 1407 est
439 1345 527 1407 editio
543 1342 708 1426 Propertii,
725 1363 771 1403 au.
795 1342 891 1424 1471,
910 1340 945 1400 de
961 1363 1015 1421 qua
1029 1363 1120 1421 quum
1135 1339 1238 1400 maxime

180 1441 311 1524 agimrrs,
333 1443 379 1505 cui
393 1444 423 1503 iu
441 1442 575 1520 exemplis
590 1441 810 1504 Audiffrediano
828 1452 857 1499 et
874 1436 1026 1500 Parisiensi
1044 1439 1193 1519 adjunctus
1206 1448 1240 1497 est

182 1536 324 1603 Tibullus.
345 1545 418 1605 Haec
438 1542 515 1604 enim
537 1540 621 1602 babet
637 1541 746 1601 Horon.
766 1532 1058 1622 Ergo'Cantabrigiae
1073 1539 1241 1620 exemplum,

183 1641 262 1722 quod
278 1642 450 1722 quaerimus,
466 1653 574 1704 exstare
586 1640 718 1713 videtur,
733 1639 757 1700 si
772 1662 832 1700 non
847 1639 991 1722 integrum
1006 1637 1133 1712 Catulli,
1146 1635 1243 1699 Tibulli

182 1750 212 1800 et
237 1739 402 1817 Propertii,
431 1753 461 1800 at
485 1751 579 1801 tamen
606 1739 712 1801 Catulli
734 1751 763 1799 et
786 1739 953 1821 Propertii,
982 1759 1106 1820 quorum
1134 1738 1245 1798 alterum

117 1880 120 1886 ι
181 1839 353 1916 eompamit
371 1837 519 1912 Maileius,
539 1841 659 1899 alterum
678 1826 866 1899 Marklaudus.
893 1838 959 1900 Nisi
978 1837 1053 1899 sorte
1072 1837 1246 1898 Marklaudus

181 1937 364 2018 Propertium
382 1939 467 2019 hujus
483 1938 549 1997 anui
562 1938 675 1998 aliunde
686 1948 834 2017 acceptum
845 1935 950 1997 babuit.
963 1936 1050 1997 Certe
1066 1937 1151 1996 etiam
1168 1936 1199 1996 iu
1211 1934 1249 1994 bi·

182 2033 325 2096 bliotheca
336 2036 500 2096 Aslewiana
512 2035 621 2111 (Lond.
640 2034 751 2117 1775),
765 2034 912 2095 laudantur
924 2059 932 2094 ι
944 2034 1054 2096 Tibulli
1066 2047 1096 2096 et
1107 2035 1250 2118 Propertii

184 2133 301 2213 Opera,
322 2132 419 2216 1471,
434 2133 534 2205 11-40,
552 2130 631 2214 quod
650 2133 790 2211 exemplar
803 2133 968 2194 translatum
984 2146 1027 2196 est
1046 2147 1115 2212 post
1131 2147 1249 2197 mortem

185 2228 309 2291 Antonii
325 2229 448 2293 Asbewii
461 2232 491 2292 in
505 2231 712 2294 Bibliothecam
728 2230 832 2292 Museii
846 2232 1012 2294 Britannici.
1029 2235 1085 2295 Sed
1102 2234 1140 2296 de
1157 2235 1208 2295 bac
1223 2255 1252 2294 re

184 2328 309 2391 viderint
325 2329 472 2413 Philologi
493 2330 748 2414 Cantabrigienses.
772 2329 880 2392 Habuit
895 2332 1041 2394 Catullum
1057 2332 1120 2393 sine
1142 2332 1210 2395 loeo
1226 2347 1253 2395 et

185 2449 263 2492 auno
277 2430 551 2512 Mortyoi-Luguna
571 2430 696 2508 (1.11.
712 2453 757 2493 an·
777 2453 874 2516 1790,
891 2455 919 2514 p.
937 2431 1031 2510 650),
1055 2431 1105 2495 sed
1121 2435 1252 2517 majoris,

187 2548 247 2593 non
264 2530 383 2594 minoris
398 2531 518 2608 formu,
535 2532 654 2595 sortasse
668 2533 869 2609 Parmensem,
886 2553 932 2592 an.
952 2530 1038 2614 1473.

405 2716 466 2788 lV.
494 2713 604 2788 Editus
620 2744 674 2788 au.
699 2714 807 2812 1471,
824 2714 928 2806 ἰ11-4ῡ.
946 2720 1020 2808 maj.

228 2844 291 2905 val.
308 2847 413 2908 Catulli
429 2849 605 2910 Veronensis
630 2850 727 2910 Poetae
749 2849 796 2910 cl.
813 2850 878 2909 Lib.
895 2848 974 2909 Albii
997 2848 1116 2911 Tibulli.
1134 2873 1181 2932 eq·
1196 2851 1253 2911 Ro.

187 2946 286 3006 Poetae
302 2948 349 3008 (ΣΙ.
366 2947 446 3008 Libri
464 2948 543 3030 (tv).
562 2949 703 3029 Pr0pertii
718 2951 823 3012 Umbri
838 2952 952 3013 Meuani
966 2952 1159 3038 elegiograpbi
1169 2953 1255 3018 Libri

188 3046 270 3122 (Ν).
287 3049 318 3109 P·
334 3047 445 3130 Papinii
462 3047 544 3111 Statii
558 3049 671 3110 Surculi
688 3048 835 3132 Syluarum
850 3050 931 3112 Libri
948 3053 1011 3130 (V).

231 3149 266 3206 lu
282 3159 404 3211 extrema
419 3149 518 3231 pagina
535 3161 649 3231 poetae,
673 3149 721 3230 qui
738 3149 794 3211 hoc
809 3149 955 3212 volumine
977 3151 1185 3229 continentur,
1208 3153 1254 3215 di·

189 3265 272 3307 verso
289 3246 391 3306 ordine
405 3260 590 3311 recensentur
607 3270 614 3308 ε

352 3378 462 3438 Tabula
477 3380 609 3440 libionem
621 3381 671 3462 qui
683 3383 795 3441 suntin
808 3381 935 3462 presenti
948 3381 1099 3441 uolumine.

288 3496 392 3558 Albius
408 3498 539 3560 Tibullus
554 3499 659 3582 elegiae
674 3499 806 3582 Scriptor
822 3498 958 3576 optimus.

287 3596 423 3658 diustius
439 3597 605 3680 Propertius
621 3600 763 3660 Beuauus.

293 3696 446 3759 Clarissimi
462 3712 547 3776 poete
562 3697 668 3759 Catulli
682 3698 837 3761 veronens
851 3696 1009 3782 Epigrama.

291 3796 363 3861 Pub.
380 3796 522 3875 Papinius.
539 3797 644 3858 Statius
660 3798 821 3882 Syluarum.

474 3896 766 3958 M.cccc.Lxx11.

231 4023 302 4084 Haec
317 4024 392 4084 enim
406 4036 450 4084 est
465 4019 554 4084 editio
570 4020 638 4097 illa,
658 4023 739 4102 eujus
754 4021 885 4096 collatio,
901 4021 1014 4084 Parisiis
1029 4023 1122 4098 sada,
1139 4025 1259 4088 debetur

187 4120 334 4197 Ilardilio,
352 4123 415 4185 viro
431 4120 633 4186 eruditissimo.
651 4118 779 4187 Confusa
794 4132 837 4183 est
850 4119 885 4183 ab
901 4121 1016 4207 Hepnio
1031 4145 1097 4187 enm
1114 4123 1169 4202 iis,
1187 4147 1256 4208 quas
