2828 4762
125 340 1201 385 mmmmm-mmmmm

381 537 585 647 tenu
625 515 934 649 Tlssuenl

304 797 512 927 ELE
546 798 605 929 G
639 800 666 928 l
697 801 751 932 A
782 802 1018 933 RUM

444 1058 625 1168 itinn
649 1066 881 1170 PRIMUS.

541 1277 778 1301 -ο-ι

438 1588 649 1673 ELEGIA
681 1577 888 1673 PRIMK.

583 1782 732 1801 —

128 2058 350 2167 Dlvltlts
365 2091 450 2165 alius
469 2086 560 2166 fulvo
576 2092 641 2165 sibi
659 2113 815 2190 congerat
831 2125 931 2185 auro,

180 2211 225 2283 Et
243 2226 353 2283 teneat
368 2207 451 2284 culti
467 2216 580 2306 jugera
596 2209 698 2282 multa
718 2210 795 2299 soli,

136 2377 366 2449 ¹HaneEiegiain
375 2378 466 2432 ordine
476 2380 588 2448 primam
597 2394 637 2434 es-
722 2394 743 2431 o.
762 2379 802 2431 De
816 2380 866 2434 hoc
878 2381 936 2435 toeo
944 2382 1118 2437 vehementer
1126 2386 1196 2439 inter

127 2469 174 2523 se,
197 2455 243 2510 sed
265 2465 384 2523 tempore
402 2460 562 2525 postremam
576 2457 638 2510 dicit
688 2454 950 2524 doctosdisceptatur.
963 2457 1134 2514 Codicesfere
1143 2480 1197 2515 om-

128 2533 256 2604 Scaliger,
277 2534 322 2602 qui
333 2534 389 2586 uon
401 2533 487 2587 sotum
499 2533 525 2586 in
538 2532 586 2587 hae
598 2552 636 2601 ee,
687 2552 735 2587 nes
752 2552 846 2601 magna
860 2535 909 2604 tegi
927 2535 1038 2603 jubent;
1064 2556 1144 2607 quam
1158 2541 1197 2594 le-

128 2613 176 2667 sed
188 2613 267 2665 etiam
279 2611 306 2664 in
318 2611 426 2682 singuiis
439 2612 553 2667 distichis
564 2613 637 2666 ordi-
686 2612 803 2665 ctionem
816 2611 942 2682 Vulpius,
957 2613 1073 2680 Gaesius,
1087 2615 1196 2682 Henlei,

129 2685 235 2757 nandis,
248 2709 298 2759 pro
306 2690 379 2743 libito
387 2702 413 2742 et
423 2691 576 2744 auctoritate
585 2709 638 2743 ma·
687 2688 713 2740 J.
728 2689 763 2763 H
773 2690 845 2742 Voss.
862 2701 889 2742 et
907 2706 994 2758 nuper
1005 2691 1083 2744 Baeb.
1096 2693 1198 2761 ample-

131 2769 259 2840 gisqnam
271 2769 372 2821 ratione
381 2778 452 2822 certa
463 2779 490 2821 et
506 2779 638 2838 perspecta
687 2777 803 2820 ctuntue.
829 2767 928 2821 Statius
946 2778 1038 2820 contra
1058 2778 1084 2821 et
1101 2771 1197 2838 reliqui

127 2842 247 2902 sensatus
266 2857 321 2909 est;
339 2856 440 2900 constat
453 2847 526 2899 enim
540 2845 638 2900 Tibul·
688 2848 781 2896 omnes
799 2849 879 2898 multa
894 2843 1083 2912 pretulerunu
1105 2844 1198 2899 dicunt

129 2927 186 2979 ium
195 2926 223 2978 in
236 2924 340 2978 Deliam
352 2929 442 2978 amore
454 2926 559 2992 arsisse,
578 2938 639 2980 ante
688 2915 852 2999 eniniiugeri
859 2941 1026 2991 semperesse
1036 2934 1137 2977 certam
1144 2943 1199 2978 ma

131 3023 213 3075 quam
223 3003 343 3057 Nemesis
355 3021 416 3055 eum
428 3003 480 3055 suis
491 3003 589 3072 tegibus
599 3004 640 3058 ad·
688 3000 863 3067 gnitudinem.
875 3001 901 3053 J·
912 3002 1024 3054 HVoss.
1035 3003 1159 3070 opinatur
1167 3002 1199 3056 it-

131 3082 272 3137 strinxen't.
284 3081 407 3150 Legimus
421 3082 489 3151 apud
500 3081 639 3149 Ovidium,
690 3076 728 3131 los
739 3097 794 3132 sese
805 3077 912 3147 poetice
923 3077 1032 3132 rationis
1042 3080 1199 3149 impruden-

132 3163 161 3216 in
170 3161 236 3213 libro
246 3159 288 3213 111
299 3160 429 3211 Amorum
440 3199 447 3223 ,
461 3158 534 3229 Eteg.
542 3176 581 3226 lx,
594 3166 637 3215 55:
690 3164 729 3209 tes
740 3156 900 3210 ostendisse:
914 3158 1006 3226 jugera
1017 3157 1090 3211 enim
1103 3178 1198 3230 magna

133 3239 145 3282 sl·
156 3237 231 3291 Delia
243 3236 396 3302 discedens,
415 3235 530 3302 felicius,
544 3238 636 3307 inquit,
690 3234 918 3304 nibilsignificare,
928 3236 976 3288 nisi
984 3239 1075 3306 jugem
1083 3238 1133 3291 late
1143 3258 1200 3307 por·

129 3313 218 3369 'amata
230 3314 298 3368 Sum
311 3313 375 3368 tibi:
389 3313 488 3379 vixisti,
504 3315 567 3368 dum
581 3324 651 3371 tuus'
691 3320 770 3379 recta,
779 3313 830 3379 vei,
840 3312 860 3366 si
869 3312 1003 3381 malueris,
1013 3317 1135 3385 jugerum
1144 3317 1199 3371 lon·

132 3394 200 3464 ignis
211 3390 291 3446 eram.
308 3391 359 3446 Cui
371 3393 500 3459 Nemesis,
513 3394 575 3463 quid
586 3394 641 3448 ais?
690 3404 752 3462 gum
766 3402 888 3446 tractum.
906 3392 1032 3447 Servetur
1043 3407 1128 3464 poete
1141 3398 1198 3461 (ex-

133 3473 178 3527 tibi
191 3472 243 3526 sint
254 3490 312 3524 mea
323 3470 419 3524 damna
427 3471 511 3524 totort
522 3471 534 3524 ἓ
547 3473 594 3527 Me
607 3483 640 3527 te·
689 3470 784 3523 clamat
795 3470 918 3535 Baebius)
928 3490 1027 3540 maffia,
1046 3483 1074 3526 et
1086 3473 1200 3530 babeant

132 3549 192 3603 nuit
203 3547 319 3602 moriens
330 3547 469 3602 deficiente
485 3566 595 3604 niano.»
690 3552 770 3602 multa
778 3548 927 3602 reirusticae
935 3560 1101 3614 scrutatores,
1116 3552 1198 3619 aqui-

169 3648 189 3680 ι.
208 3626 350 3680 Diomedes
363 3629 557 3696 grammaticus,
573 3629 640 3682 libro
690 3628 737 3681 bus
755 3629 902 3698 profectum
920 3640 966 3682 est.
996 3630 1046 3683 His
1059 3631 1196 3700 praemissit

131 3709 210 3762 tertio
221 3708 253 3760 de
266 3709 398 3762 Poematis
413 3707 568 3777 generibus,
589 3708 639 3761 hoe
690 3709 764 3761 Voss.
775 3717 803 3761 et
815 3708 893 3762 Bacb.
908 3708 1026 3778 exempla
1043 3708 1194 3777 admovent,

130 3787 259 3841 distichon
277 3786 397 3839 reserens
408 3785 496 3839 scribit
507 3785 638 3851 conserua
689 3786 782 3853 quibus
795 3786 1049 3840 demonstrationem
1063 3800 1136 3838 suam
1151 3788 1196 3841 eb-

132 3868 177 3922 sed
195 3867 297 3921 codices
315 3884 408 3918 omnes
423 3866 492 3918 miro
509 3884 639 3918 consensu
687 3866 803 3931 solvant,
823 3876 853 3919 ut
864 3884 959 3933 magna
975 3868 1087 3924 talenta,
1103 3865 1194 3935 Virgit.

131 3942 640 4012 exbibentconsseratmis'iforteBernen-
689 3944 729 3997 lX
742 3943 849 3998 AEneid.
868 3944 932 4003 265;
946 3943 1041 4010 [ΨΜ
1057 3944 1194 4008 inmetata,

130 4026 174 4091 sis,
186 4025 230 4094 qui
241 4035 382 4094 congregat,
398 4043 411 4075 a
424 4023 538 4091 quodam
549 4024 641 4092 inepto
691 4021 784 4077 Horat.
795 4024 835 4077 111
846 4063 853 4089 ,
865 4039 948 4085 xxiv,
965 4040 1001 4072 ια.
1032 4020 1114 4074 Nobis
1124 4023 1197 4077 vide-

131 4104 239 4159 tibrario
249 4114 393 4167 omentum,
408 4103 504 4156 attere·
690 4114 733 4157 tur
744 4104 787 4157 hic
797 4121 886 4155 versus
898 4121 928 4153 ex
942 4100 995 4153 aliis
1007 4099 1104 4155 Tibulli
1114 4103 1196 4154 versi-

997 4193 1012 4228 s
