2722 4762
215 347 275 429 tvnj
600 349 660 411 nn
691 349 890 412 utuntur

253 485 326 545 Haec
344 480 434 544 editio
453 478 602 565 diligenter
617 493 685 564 post
699 481 854 544 Heinsinm
868 480 905 542 ab
928 480 1079 544 Huscblio
1096 501 1213 547 excussa
1231 496 1283 546 est.

213 584 379 656 variantes,
400 581 523 644 Antonii
541 582 696 646 clementii
710 582 807 645 studio
825 596 990 666 excerptas,
1015 606 1030 644 a
1044 583 1155 646 Jacobo
1172 585 1283 649 Gallaeo

212 695 358 767 acceperat
373 681 592 757 broukhusius,
615 682 709 743 editor
724 681 967 767 cantabrigiensis
988 704 1005 743 a
1019 683 1212 760 Bennisono‚
1234 687 1284 767 qui

212 807 273 850 mm
291 794 499 867 comparaverat
513 805 579 844 cnm
594 781 720 844 editione
738 783 978 867 Rapbelengiana.
996 783 1104 846 Habuit
1119 808 1236 869 quoqne
1252 788 1282 850 in

212 883 339 946 manibus
351 882 492 968 Heynius.
502 884 537 941 ln
546 881 665 959 exempli
676 881 889 956 berolinensis,
903 904 961 965 quo
974 874 1140 945 lluschlius
1151 884 1284 966 aliquam·

211 987 260 1047 diu
276 1008 331 1047 una
350 1008 414 1046 cum
433 982 576 1062 Lipsiensi
594 1004 663 1043 usus
684 995 747 1056 est,
766 982 900 1044 schedula
916 983 1029 1065 praefixa
1044 986 1151 1046 Joann.
1169 985 1283 1050 nomn.

208 1085 357 1146 Verdanus
373 1082 613 1156 mediolanensis,
630 1081 700 1143 olim
713 1080 895 1144 bibliothecae
907 1081 1011 1144 Jacobi
1023 1083 1204 1166 superantii,
1224 1085 1282 1148 Se-

210 1183 317 1246 natoris
332 1181 456 1254 Veneti,
475 1178 625 1262 praefectus
641 1178 703 1239 baec
720 1180 851 1243 nouvit:
866 1206 881 1237 e
898 1183 987 1243 Notae
1002 1194 1168 1261 perpetuae,
1181 1181 1283 1265 quibus

211 1281 258 1343 hic
266 1280 351 1340 Liber
361 1279 528 1350 illustratur,
542 1289 658 1340 exaratae
665 1277 781 1340 fuerunt
791 1279 851 1361 ipsa
860 1282 1024 1343 Alexandri
1032 1281 1282 1363 Syucliticimann.

209 1379 277 1439 Fuit
287 1390 379 1439 autem
389 1377 414 1438 is
431 1376 538 1439 nobilis
559 1377 705 1439 Cretensis
722 1390 750 1438 et
769 1378 850 1441 Juris
867 1380 899 1439 in
916 1382 1049 1446 Patavina
1068 1379 1219 1441 Academia
1232 1379 1283 1440 in-

209 1490 472 1556 terpressnmmus‚
492 1475 1283 1561 celeberrimiJaeobiCujaciidiscipulnsatqueremulus.

209 1577 339 1637 Vidimus
352 1573 560 1656 Antbologiam
569 1574 627 1635 sive
634 1574 823 1657 Florilegium
836 1576 1015 1639 diversorum
1022 1574 1280 1658 Epigrammatnm',

209 1674 320 1737 Grrecis
338 1673 407 1732 Aldi
426 1669 632 1733 characteribus
649 1668 725 1733 anuo
743 1675 864 1733 MDlll.
881 1675 1009 1736 Venetiis
1029 1675 1157 1748 editum,
1179 1674 1280 1736 eodem

207 1774 314 1836 calamo
324 1772 474 1852 Syucb'tici
483 1814 492 1842 ,
506 1767 702 1849 similibusque
712 1770 944 1833 annotationibus
956 1771 1125 1855 insignitum
1136 1784 1209 1835 etex
1221 1774 1281 1854 ejus

207 1871 273 1934 iibri
289 1868 442 1932 collatione
466 1878 571 1929 certam
589 1865 767 1933 annotatoris
784 1888 897 1928 manum
918 1866 948 1926 in
974 1868 1032 1930 hoc
1049 1882 1152 1931 nostro
1179 1870 1280 1948 depre-

208 1971 370 2032 hendimus·
379 1996 396 2024 ν

832 2050 852 2109 J
859 2070 887 2109 o.
905 2050 943 2108 A.
958 2050 1175 2134 Venustus.

248 2157 356 2245 Eadem
366 2155 450 2219 rerba
459 2153 623 2234 praescripta
633 2164 713 2214 erant
722 2153 852 2236 exemplo
860 2154 1033 2227 Pinelliano,
1045 2167 1119 2216 teste
1126 2157 1278 2232 Murcido,

207 2272 280 2322 tom.
295 2259 348 2331 11,
363 2280 393 2335 p.
404 2255 481 2332 314,
496 2278 528 2315 n.
541 2252 632 2338 4498.
647 2257 692 2314 Ex
708 2275 768 2336 quo
782 2254 971 2337 intelligitur,
993 2256 1050 2318 boc
1062 2256 1139 2318 idem
1153 2280 1210 2320 aere
1226 2280 1281 2323 sen

104 2427 106 2430 s
208 2358 262 2420 sibi
274 2377 449 2438 comparasse
457 2353 875 2430 Sautenium,iudercnissead
883 2353 1132 2437 Dieainm‚eoque
1142 2369 1278 2432 mortuo,

206 2461 238 2519 in
250 2458 450 2520 bibliothecam
460 2454 566 2540 regiam
573 2454 790 2518 Berolinensem
804 2476 866 2517 esse
875 2455 996 2516 illatum.
1005 2456 1150 2518 Caeternm
1160 2456 1195 2515 P.
1205 2457 1279 2518 Βαι-

206 2580 326 2620 mannus
348 2559 412 2619 Sec.
431 2555 571 2633 exemplar
587 2553 707 2628 babuit,
724 2554 805 2637 quod
820 2556 861 2615 sie
878 2554 1046 2617 describitur
1061 2578 1076 2617 a
1094 2555 1231 2618 Sentenio
1248 2557 1278 2619 in

207 2656 340 2721 scbedula
351 2655 457 2734 privata
470 2678 477 2715 :
491 2655 522 2715 in
531 2653 658 2717 editione
668 2675 736 2714 ann.
751 2652 847 2729 1481,
860 2656 934 2737 Reg.
944 2654 1048 2733 Lepidi
1058 2677 1147 2718 annm
1158 2655 1278 2736 impret-

208 2757 297 2819 sionis
313 2754 460 2838 subjectns
476 2766 520 2816 est
532 2752 685 2831 Propertio
697 2751 728 2812 in
742 2751 827 2813 calce.
1096 2734 1100 2746 Ι

347 2929 441 3000 Vlll.
457 2925 567 3002 Editio
585 2925 765 3010 Vt'cemiua,
786 2953 840 2998 an.
864 2925 972 3018 1481,
992 2923 1138 3000 infolio.

156 3151 158 3155 ,
250 3077 403 3138 cirum.
417 3075 536 3136 Tibulli.
552 3076 690 3158 Properti
707 3077 836 3135 ommino
851 3085 881 3135 ct
893 3077 981 3136 Statii
993 3075 1096 3155 Sylooe.

209 3173 318 3235 Tibulli
332 3171 483 3250 inscriptio
498 3173 537 3233 ita
551 3194 680 3250 expressa
695 3184 759 3233 est:

247 3278 341 3339 Auen
355 3280 492 3338 Tmunnr
507 3281 542 3354 4-
559 3300 605 3359 eq.
621 3280 670 3339 Ito
683 3282 718 3355 -Ι-
731 3280 837 3339 Poetae
851 3284 890 3353 -t-
903 3279 958 3340 Cn.

207 3378 255 3438 At
263 3376 367 3438 calcem
378 3377 462 3437 Statii
473 3401 480 3435 :
493 3379 528 3438 P.
539 3377 658 3458 Papinii
666 3380 753 3439 Statii
760 3381 909 3457 Syloorum
917 3378 1003 3437 biber
1010 3378 1040 3438 V
1035 3379 1131 3437 lta'ruus
1140 3377 1276 3459 Explicit.

206 3472 497 3536 nemetum.
508 3475 612 3535 Actum
621 3473 782 3535 vincentiae
790 3495 842 3555 per
850 3476 1016 3553 magistrum
1026 3474 1220 3535 Jounn-nuem
1236 3494 1277 3533 re-

207 3594 321 3635 nensem
331 3569 530 3656 etDrbnysium
542 3573 884 3652 Bertbocbum.Sequitnr
893 3569 984 3632 tribus
998 3569 1077 3632 loliis
1090 3570 1274 3650 impressum:

211 3673 336 3734 Carmen
344 3669 464 3739 loannis
475 3670 641 3748 Calpburnii
649 3682 739 3752 poeta
748 3670 907 3747 Clarrssimi
913 3671 1071 3749 adJoanne
1085 3670 1277 3731 Inderbocbit't

206 3759 349 3851 Profice
369 3770 518 3834 Tenens
532 3771 566 3829 te
577 3771 709 3843 tunsus
719 3770 780 3852 ejus
794 3781 822 3831 er
832 3773 867 3831 ne
878 3766 993 3832 nerto
1001 3773 1088 3833 nuo
1096 3772 1221 3833 umens
1233 3771 1277 3829 sn-

246 3995 411 4058 lluscbkius
418 3985 420 3989 ¹
427 3995 466 4057 ait
477 4017 486 4053 r

223 4178 225 4181 ,
247 4114 302 4174 Est
311 4115 373 4191 baec
384 4112 472 4176 editio
484 4112 595 4187 critica,
607 4135 621 4174 a
633 4113 682 4173 Jo.
695 4111 873 4194 Calpburnio
886 4111 977 4175 nobili
987 4121 1092 4175 conatu
1101 4129 1155 4170 nec
1166 4107 1272 4170 infelici
