2722 4762
209 317 312 398 mvuj
600 313 659 375 un
690 309 888 376 risuum

210 449 285 530 logia
296 451 356 509 Lat
368 447 525 509 Burmanni
540 458 651 520 exstat,
664 457 735 508 tom.
753 446 770 506 1
783 488 792 518 ,
807 467 836 523 p.
850 448 931 518 6¹0,
948 443 997 505 lib.
1015 444 1081 517 lll,
1099 453 1231 506 ctxxvtt
1241 449 1276 526 ),

209 559 288 619 tum,
303 574 318 599 u
327 547 432 606 Versus
444 544 583 628 Augusti,
595 558 628 606 ut
637 547 717 605 aiunt
730 566 737 604 ε
754 546 854 605 Thrax
863 566 965 626 puer..
979 589 985 601 .
1004 547 1081 622 (Est
1089 544 1278 628 epigramma,

160 722 163 725 Ι
210 647 288 728 quod
298 645 346 705 alii
356 645 436 707 Julio
446 645 571 720 Caesari,
585 643 632 706 alii
645 646 682 708 C.
693 644 799 707 Caesari
813 643 988 706 Germanico
996 642 1175 715 adscribunt,
1192 655 1280 706 exstat

208 770 297 829 quum
305 747 334 807 iu
345 745 494 810 Catslectis
507 758 568 807 tum
581 745 611 810 in
621 744 744 809 Anthol.
757 745 819 807 Lae
830 757 871 805 to.
880 746 928 821 ll,
942 767 970 823 p.
982 741 1021 804 ba
1032 785 1042 818 ,
1052 743 1279 826 Epignmus

249 847 302 907 lV.
319 843 376 920 65,
395 870 428 921 a,
446 846 561 907 octonis
576 845 726 928 oblongis,
743 865 929 929 pergamenus
947 843 1125 906 tenuioribus
1146 844 1279 926 paginis,

208 945 290 1025 pictis
305 945 406 1006 litteris
423 944 586 1006 initialibus.
605 944 799 1007 Continentur
811 945 940 1007 Catullus
953 945 1073 1024 (primo
1083 943 1155 1005 tubo
1166 965 1281 1005 manum

207 1051 333 1107 veterem
347 1040 498 1111 aemulante
512 1046 678 1128 suppletus)
699 1044 853 1118 Tibullus;
875 1045 1001 1128 subjecta
1021 1045 1109 1127 elegia
1128 1045 1228 1107 Ovidii
1249 1046 1280 1104 in

119 1165 120 1169 ’
210 1145 319 1206 Tibulli
338 1159 479 1219 mortem,
499 1147 656 1205 Memnona
673 1149 702 1206 si
715 1156 823 1218 motem·
840 1157 870 1206 et
889 1147 979 1208 altero
995 1146 1119 1209 carmine
1138 1168 1146 1204 ε
1162 1144 1281 1205 Juoenr's

209 1248 258 1326 qui
265 1267 374 1327 pauper
384 1256 446 1308 erut
461 1268 470 1305 .·
491 1244 598 1307 omisso
612 1247 680 1306 Hic.
699 1247 734 1305 Iu
750 1245 807 1329 fine
821 1244 945 1329 subjecta
961 1257 1005 1306 est
1020 1245 1109 1328 elegia
1124 1242 1179 1305 viri
1202 1244 1281 1305 docti

211 1345 246 1409 ad
263 1346 382 1407 Deliam.

251 1445 296 1505 Ex
313 1445 357 1506 his
374 1443 521 1509 codicibus
536 1445 644 1522 primns
662 1456 691 1503 et
710 1455 825 1525 quartus
843 1442 874 1503 iu
896 1444 991 1505 multis
1010 1444 1212 1516 conveniunt,
1231 1442 1283 1502 in-

209 1543 307 1622 primis
320 1545 350 1604 iu
367 1543 463 1621 priore
474 1543 548 1616 libro
560 1555 589 1603 et
597 1542 627 1602 in
639 1544 699 1603 aliis
710 1543 865 1603 carminum
876 1541 1000 1625 partibus
1010 1566 1018 1615 3
1032 1553 1153 1624 possunt
1165 1562 1282 1622 quoque

210 1644 241 1705 in
254 1644 338 1705 certis
354 1644 479 1721 partibus
489 1644 525 1704 ad
534 1643 643 1704 sontem
661 1661 841 1702 communem
857 1640 957 1703 referri
971 1640 1110 1703 secundus
1121 1651 1150 1700 et
1159 1639 1261 1700 tertius
1272 1664 1280 1711 ;

211 1765 263 1805 use
279 1756 373 1804 nmen
390 1744 449 1816 sic,
463 1754 497 1807 ut
510 1766 543 1804 ex
558 1743 660 1803 eodem
677 1752 797 1824 uterque
808 1741 958 1819 exemplari
969 1740 1104 1820 descripti
1117 1761 1178 1801 esse
1191 1740 1282 1802 sideri

211 1844 332 1922 possint.
340 1843 476 1916 Scilicet,
487 1844 566 1924 quod
576 1841 606 1903 in
614 1841 761 1904 codicibus
774 1841 971 1924 comparandis
982 1862 1057 1919 sape
1067 1841 1184 1907 mustus
1195 1862 1259 1900 mm
1270 1882 1280 1913 ,

212 1965 298 2024 quum
311 1945 482 2004 conveniant
494 1941 637 2005 interdum
650 1943 681 2002 in
698 1963 756 2003 uno
774 1944 818 2005 vel
833 1942 923 2003 altero
935 1941 1020 2015 loco,
1036 1941 1081 2003 rel
1098 1939 1163 2002 libri
1179 1951 1280 2021 perte,

212 2056 245 2103 ut
255 2043 339 2104 unius
351 2044 534 2125 ejusdemque
550 2042 656 2103 codicis
667 2043 827 2124 apographa
841 2063 903 2102 esse
919 2040 1085 2115 videantur,
1100 2041 1131 2100 io
1145 2039 1206 2101 aliis
1221 2058 1283 2121 par-

211 2141 289 2203 tibus
306 2142 376 2204 adeo
396 2143 471 2203 inter
485 2165 516 2203 se
530 2141 706 2219 discrepant,
724 2154 758 2201 ut
773 2141 808 2201 ad
821 2141 943 2203 divorsas
962 2140 1065 2219 stirpes
1082 2160 1132 2201 eos
1146 2159 1284 2205 revocore

215 2256 330 2301 necesse
347 2239 393 2300 sit.

255 2339 396 2402 Codicum
412 2338 603 2401 inGermauia
619 2339 744 2416 plurium
758 2339 926 2402 collationes
937 2339 1067 2401 adhibuit
1081 2342 1132 2401 Jo.
1144 2341 1185 2398 Η.
1198 2339 1283 2400 Voss.

214 2459 287 2519 quos
314 2450 443 2501 recenset
464 2439 496 2500 io
511 2439 619 2517 praelat.
636 2460 701 2520 pag.
720 2440 867 2500 xxtttlt.
888 2440 964 2500 Sunt
987 2439 1009 2498 ii
1028 2438 1209 2500 Monacensis
1228 2436 1284 2496 in-

212 2537 376 2619 telligenter
390 2536 531 2614 scriptus,
554 2539 782 2620 Bongarsianus3
803 2539 1037 2600 Vindoboneusis
1053 2539 1102 2599 lib.
1123 2539 1282 2609 Caesm.

214 2639 375 2700 chartaceus
390 2637 481 2701 forma
496 2639 530 2712 4⁰
546 2637 637 2702 nitide
651 2637 829 2719 descriptus3
852 2637 1045 2711 Askewanus,
1066 2657 1151 2718 quem
1171 2659 1207 2697 es
1224 2637 1285 2697 ts-

135 2742 136 2746 ’
207 2737 293 2800 ¹leuii
310 2736 482 2798 bibliotheca
502 2738 577 2797 eruit
593 2749 677 2818 poeto
694 2736 864 2797 Laurentius
878 2737 1049 2809 desistam,
1066 2736 1144 2797 unde
1160 2736 1240 2798 tersit
1253 2734 1284 2794 iu

213 2838 425 2917 possessionem
439 2837 491 2900 viri
508 2837 595 2898 illust
616 2839 650 2897 ds
671 2838 762 2898 Dsbts.
787 2835 1011 2920 llamburgeusis
1028 2835 1120 2895 nitide
1140 2835 1172 2894 in
1188 2857 1286 2895 mem·

214 2938 299 2998 brana
313 2947 454 3008 exaratus,
469 2936 621 2996 Gotbauus
639 2934 769 3014 imperite
783 2935 814 2994 in
829 2936 931 2995 charte
945 2935 988 2995 At
999 2932 1127 3016 quodid
1135 2932 1284 2994 llantur·

214 3056 331 3120 geusem
344 3047 372 3094 et
384 3034 552 3097 Gotbanum
562 3033 684 3105 attinet,
697 3033 871 3095 accuratiore
886 3034 1039 3096 cottuione
1047 3057 1117 3095 usus
1127 3045 1172 3095 cst
1179 3035 1284 3094 Wun-

215 3134 323 3197 derlicb
335 3177 344 3207 ,
362 3132 408 3194 cui
419 3133 502 3196 etiam
518 3131 576 3196 duo
588 3132 789 3195 Ziticavieuses
803 3133 898 3195 saeculi
910 3135 964 3194 XV
976 3177 986 3210 ,
1001 3146 1107 3216 presto
1120 3133 1200 3196 fuere
1211 3154 1285 3215 quo-

215 3259 278 3297 rum
295 3235 478 3298 collationem
494 3233 603 3296 curavit
619 3234 767 3296 Goerrcns.

256 3337 343 3398 uach.
355 3335 554 3398 Beroliuensss
563 3350 684 3417 quatuor
694 3347 800 3414 prosto
812 3334 917 3396 habuit
931 3336 969 3396 lis
982 3335 1114 3398 domiuus
1122 3336 1179 3398 luit
1190 3340 1239 3398 Fr.
1251 3338 1285 3395 dc

215 3437 312 3508 Dr'stz,
325 3435 394 3517 qui,
405 3447 554 3516 postquam
565 3436 626 3520 regi
633 3438 853 3499 Borussocuma
867 3433 994 3496 consiliis
1009 3433 1118 3497 intimis
1129 3449 1159 3496 et
1168 3435 1286 3521 legatio

218 3535 303 3598 nibus
319 3537 429 3608 fuerat,
450 3549 601 3597 extrem
621 3536 679 3598 lere
695 3535 781 3598 vitam
798 3536 859 3598 otio
879 3535 1003 3598 litterato
1023 3537 1054 3596 iu
1073 3537 1139 3598 silla
1156 3536 1285 3616 proxime

219 3636 387 3698 lleroliuum
406 3635 459 3697 sita
473 3637 592 3719 peregit.
607 3636 665 3698 Hic
679 3637 723 3701 vir
736 3637 841 3720 insigni
860 3637 928 3697 dum
943 3637 1072 3712 virolam,
1091 3637 1126 3698 de
1143 3659 1285 3698 musarum

220 3737 378 3799 cultoribus
393 3736 603 3798 benemerendi
619 3735 714 3798 studio
727 3736 878 3812 incitatus,
893 3737 1006 3800 codices
1018 3759 1086 3798 suos
1098 3736 1206 3797 Bachio
1216 3734 1286 3797 sub·

219 3842 405 3906 ministravit:
418 3855 447 3904 at
456 3853 524 3925 post
533 3842 608 3903 illius
621 3841 730 3903 obitum
741 3842 847 3904 libriin
857 3843 996 3925 publicem
1005 3842 1124 3925 Regiam
1135 3840 1287 3902 bibliothe-

220 3963 280 4002 cam
295 3944 477 4004 trausierunt.
494 3941 519 4004 li
535 3942 582 4003 vix
596 3942 670 4003 ultra
685 3943 880 4026 typographiae
891 3944 1059 4006 incunabula
1074 3951 1235 4022 assurgunt.

259 4043 284 4100 1.
298 4043 396 4105 Codex
407 4044 569 4108 chartaceus
580 4085 589 4118 ,
602 4042 719 4116 lormae,
735 4054 947 4127 quantorum,
958 4029 1066 4106 occire
1075 4038 1209 4123 majoris,
1219 4039 1284 4102 cba-
