2722 4762
353 328 658 467 rusirruoum
682 376 743 439 nr
770 377 979 440 sontem.
1141 401 1193 440 xcv

291 509 410 580 noque
423 492 455 579 d
469 507 570 561 imao
583 504 692 561 „tuum
704 507 766 581 ,aar
778 507 822 560 au
833 507 939 575 mario,

325 598 359 652 Se
372 615 474 671 quoque
486 597 523 650 uti
535 611 631 665 servet,
645 611 732 668 peccet
742 611 771 651 ut
782 598 827 652 illa
838 598 931 651 minus.

295 689 350 742 seis
361 689 404 743 cui
415 688 534 755 latretur,
547 708 625 760 quum
637 688 703 742 solus
715 689 861 743 obambulat
873 689 939 762 ipse,

327 778 379 833 Cur
390 780 463 833 toties
477 764 573 834 eluus'as
584 794 693 834 essereet
706 793 764 834 ante
776 781 850 834 iores.

293 870 425 943 Multaque
439 872 481 924 dat
492 871 549 925 talis
558 871 618 924 furti
630 885 768 944 praerepta,
783 872 905 944 docetque

329 962 388 1030 Qua
400 975 485 1036 nupto
494 963 590 1035 possint
601 963 687 1015 fallere
701 962 732 1016 sb
745 975 798 1015 arte
810 963 886 1016 viros.

294 1052 350 1105 Nec
362 1053 411 1105 init
422 1052 470 1106 boc
482 1053 521 1106 illi
532 1054 632 1118 iraudi3
645 1054 787 1126 legiturque
797 1053 927 1123 Tibullus,

329 1138 362 1190 Et
375 1139 474 1212 placet:
486 1151 511 1192 et
520 1140 573 1210 jam
586 1152 610 1192 te
624 1139 738 1214 principe
750 1153 827 1194 notus
840 1152 899 1192 erat.
928 1177 931 1183 ·

450 1248 451 1252 l
471 1281 569 1359 Idem,
588 1284 677 1344 Trist.
690 1284 746 1358 tv,
758 1301 800 1359 x,
816 1282 866 1344 51.

297 1411 436 1484 Virgilium
448 1412 504 1465 vidi
516 1426 630 1467 tantum:
644 1434 691 1467 nee
704 1434 779 1468 avara
791 1413 894 1467 Tibullo

327 1504 438 1577 Tempus
450 1505 567 1558 amicitiae
580 1506 629 1558 fata
644 1505 735 1558 dedere
747 1522 818 1558 mem

296 1593 489 1648 Successor‘luit
499 1594 543 1647 bic
554 1594 617 1661 tibi,
630 1594 704 1648 Galle
714 1615 721 1658 ;
735 1593 880 1667 Propertius
894 1592 943 1647 illi:

318 1746 319 1759 ἵ
334 1684 445 1752 Quartus
455 1683 487 1737 ab
499 1682 538 1738 bis
551 1685 614 1736 serie
626 1685 744 1757 temporis
756 1685 809 1757 ipse
820 1685 866 1736 lui.

376 1811 382 1829 ⁸
401 1827 499 1901 mem,
517 1825 604 1900 ιιιι,
626 1826 690 1886 nt.
706 1827 751 1901 v,
769 1844 800 1901 1,
821 1825 930 1889 15-18-

302 1955 412 2009 Delicias
424 1956 446 2009 si
458 1957 527 2028 quis,
542 1955 686 2025 lascivaque
699 1956 810 2009 canuiua
823 1957 927 2026 querit,

329 2048 493 2114 Praemoueo,
506 2067 639 2119 uunquam
653 2048 742 2120 scripta
755 2049 824 2120 qnod
836 2049 881 2101 ista
891 2047 968 2119 legat

302 2139 393 2212 Aptior
406 2139 466 2192 buic
478 2138 580 2203 Gallus,
591 2139 729 2209 blandique
740 2138 885 2213 Propertius
897 2138 965 2206 oris,

336 2231 443 2302 Aptior,
458 2230 592 2304 ingenim
606 2250 693 2297 come,
708 2228 824 2284 Tibullus
839 2230 894 2284 erit.

221 2370 679 2447 c.vmm1usrmmcums,
696 2373 774 2433 Hist.
790 2372 852 2432 Lib.
864 2374 912 2446 ΙΙ,
931 2395 994 2454 cop.
1010 2389 1120 2434 xxxvi.

178 2503 267 2565 Paene
280 2504 366 2564 stulta
381 2515 425 2564 est
435 2503 638 2564 inhaerentium
650 2503 741 2564 oculis
757 2503 940 2585 ingeniorum
952 2505 1128 2565 enumeratio
1140 2527 1148 2565 z
1162 2506 1211 2565 in·-

136 2625 184 2672 ter
200 2633 265 2692 quae
278 2611 396 2670 maxime
411 2610 504 2670 nostri
518 2608 573 2673 aevi
586 2608 729 2682 eminent,
741 2609 874 2689 princeps
887 2609 1042 2669 carminum
1052 2611 1209 2692 Virgilius,

137 2716 351 2798 Rabiriusque,
379 2727 408 2777 et
429 2725 603 2776 consecutus
627 2713 793 2775 Sallustium
810 2715 908 2776 Livius
925 2759 934 2789 ,
964 2713 1153 2796 Tibullusque
1182 2729 1213 2779 et

137 2827 236 2897 Naso,
254 2820 450 2906 perfectissimi
463 2819 495 2879 in
508 2820 601 2881 forma
618 2819 713 2897 operis
727 2821 782 2881 sui.

203 2985 245 3043 Μ.
261 2984 376 3043 rimus
395 2964 655 3055 Quinuuuuus,
673 2980 769 3039 instit.
785 2979 885 3053 Orac,
904 2980 965 3039 [ὁὸ.
981 2982 1027 3047 X,
1045 3003 1109 3063 cop.
1131 3000 1152 3042 ι.

181 3115 283 3200 Elegia
303 3116 424 3177 Graecos
446 3132 561 3194 quoque
588 3131 793 3192 provocamus,
814 3113 895 3193 cujus
916 3111 987 3172 mibi
1010 3124 1102 3175 tersus
1126 3127 1210 3197 atquc

138 3224 256 3307 elegam
269 3223 387 3283 maxime
400 3219 514 3299 videtur
528 3228 629 3278 auctor
645 3216 787 3278 Tibullus.

296 3381 331 3443 P.
346 3380 501 3439 Passurus
515 3375 668 3448 Sarnios,
683 3374 745 3434 Lib.
761 3377 794 3450 l,
809 3376 875 3436 Silo.
890 3392 929 3451 ιι,
948 3400 975 3441 v.
990 3374 1059 3440 252.

338 3545 379 3558 .....
387 3507 465 3558 Hunc
476 3505 543 3577 ipse,
556 3504 634 3556 ehoro
648 3501 796 3571 plaudente,
810 3501 921 3555 Philetas

309 3597 528 3667 Callimachusque
541 3614 632 3661 senes,
647 3592 793 3665 Umbroque
804 3594 948 3670 Propertius
961 3580 1033 3651 antro

307 3690 452 3744 Ambissent
466 3688 568 3742 laudare
581 3687 664 3750 diem;
676 3705 724 3738 nee
737 3687 814 3739 tristis
827 3687 855 3739 in
869 3687 929 3761 ipsis

307 3783 376 3836 Naso
390 3779 495 3847 Tomis,
511 3779 630 3847 divesque
641 3777 699 3829 foco
711 3775 811 3830 lucente
825 3777 950 3831 Tibullus.

292 3927 334 3987 Μ.
353 3926 513 3985 vatemus
533 3922 725 3994 Minurus,
744 3919 806 3980 Lib.
823 3922 887 3996 tv,
904 3921 1002 4001 qur.
1018 3937 1063 3979 vs.

438 4052 527 4121 ....Qui
539 4050 688 4123 compositos
698 4061 777 4102 metro
790 4047 900 4112 Tibulli,

407 4147 437 4198 lo
451 4141 536 4198 sollo
547 4141 634 4196 recitat
644 4141 720 4195 domo
733 4138 839 4191 libellos.
914 4159 915 4163 ¹
