2722 4762
279 347 538 412 CODICIBUS
563 347 622 413 ET
648 347 977 412 EDITIONIBUS·
1123 347 1170 411 lxv

270 516 347 589 XV.
370 511 480 588 Editio
496 510 681 615 lipsiensis,
702 543 755 588 an.
780 514 888 602 1500,
906 512 1009 601 ιιι-40,

150 681 242 742 besu
255 683 390 742 'fluuius
405 681 682 765 Elegiograpborum
698 680 820 760 optimi,
836 680 924 763 elegia
940 679 975 739 de
990 678 1131 740 amoribus
1143 690 1172 739 et

189 779 317 843 laudibus
333 781 481 844 Messallae.
496 782 602 864 Lepsia
616 802 666 860 per
680 779 819 843 Jacobum
834 782 980 842 Tbanner.

149 914 195 972 De
211 913 263 1003 bac
280 913 407 976 editione
423 914 465 975 sic
481 914 539 997 agit
554 911 729 976 Huscbkius.

148 1012 249 1071 Exstat
262 1012 294 1071 in
308 1011 477 1073 bibliotheca
489 1012 661 1086 Dresdensi‚
679 1012 728 1074 sed
744 1013 804 1073 sine
819 1012 885 1075 anni
896 1023 925 1072 et
935 1009 1106 1096 typographi
1118 1009 1174 1072 ulla

108 1111 273 1183 mentione,
290 1133 374 1192 quam
389 1111 573 1172 exMaittario
586 1109 804 1190 (Αρρ.ρ.556)
815 1111 951 1190 suppleri.
968 1114 1055 1172 Nunc
1068 1112 1173 1172 Pauser

109 1232 224 1294 quoque
238 1222 397 1286 memorat,
415 1223 486 1272 tom.
501 1212 534 1284 1,
550 1231 614 1293 pag.
629 1208 705 1294 497,
719 1232 749 1270 n.
764 1207 831 1293 249.
847 1211 1017 1272 Litterarum
1033 1211 1092 1296 typi
1107 1222 1175 1271 sunt

110 1306 286 1395 neogotbici.
301 1312 432 1373 Curatam
442 1331 504 1372 esse
518 1310 675 1374 editionem
686 1332 701 1371 a
713 1310 860 1396 Gregorio
873 1310 1029 1373 Conicensi
1039 1355 1048 1386 ‚
1060 1334 1094 1374 ex
1105 1311 1175 1373 Lei-

109 1409 166 1469 cbii
177 1409 279 1470 Aunal.
289 1420 403 1493 typogr.
409 1408 524 1487 Lipsp.
536 1405 574 1492 76
582 1407 678 1484 didici.
687 1407 1010 1471 Referendameamesse
1017 1409 1053 1470 ad
1060 1408 1174 1469 classem

108 1511 223 1572 alteram
242 1531 275 1570 ex
289 1512 398 1570 Veneta
420 1509 496 1592 1475
512 1509 684 1584 deductam,
705 1511 761 1594 jam
783 1532 866 1588 supra
886 1509 1049 1593 significavi.
1070 1512 1176 1572 Hem.

112 1610 277 1670 Lectionem
288 1611 374 1692 hujus
385 1608 523 1690 exempli,
536 1620 678 1671 enotatam
692 1607 727 1669 ab
739 1609 870 1694 Hcynio‚
889 1609 1039 1693 diligenter
1053 1629 1084 1670 se
1094 1630 1176 1671 com-

110 1729 218 1786 parasse
233 1729 299 1767 cum
311 1706 436 1769 editione
453 1707 520 1783 illa,
537 1729 620 1790 quam
636 1707 742 1786 Lipsiae
755 1730 772 1768 a
788 1707 918 1768 Conrado
932 1708 1108 1768 Kncbelooen
1122 1727 1175 1767 ex-

110 1828 232 1889 pressum
248 1827 310 1869 esse
325 1819 419 1868 narrat
434 1808 591 1883 Panaenus,
604 1819 676 1870 tom.
688 1808 721 1883 1,
737 1830 766 1886 p.
782 1808 861 1892 499,
878 1830 908 1867 ιι.
926 1805 1001 1891 api,
1015 1805 1175 1867 aitCensor

112 1905 194 1987 hujus
210 1904 305 1986 operis
319 1905 350 1965 in
366 1905 487 1982 Ephenr.
503 1904 596 1967 Gotb.
612 1926 657 1965 an.
677 1905 774 1989 1793,
791 1906 831 1984 pl.
849 1903 906 1980 52,
922 1927 951 1982 p.
968 1902 1027 1978 iba
1044 1903 1175 1985 idemque

112 2002 274 2080 conmutat,
302 2000 448 2062 Venientes
465 2001 613 2084 utriusque
629 2002 763 2065 editionis
783 2002 866 2081 plane
882 2014 912 2063 et
932 2001 1038 2083 ubique
1055 2000 1130 2060 inter
1145 2020 1176 2059 se

112 2099 273 2160 convenire.
289 2097 397 2159 Habuit
412 2097 461 2158 ille
476 2098 506 2158 in
523 2099 651 2160 menibus
670 2099 745 2160 idem
763 2099 921 2181 exemplar,
938 2097 1025 2180 quod,
1036 2097 1187 2157 Pannerus·
1227 2104 1230 2119 ‘

111 2201 225 2274 babuit,
241 2220 258 2261 e
274 2198 447 2261 bibliotheca
465 2200 675 2261 Neostadiensi.
696 2202 814 2284 Negat,
835 2218 942 2260 nomen
963 2194 1089 2258 Conradi
1107 2193 1175 2254 Ka-

114 2302 240 2360 cdelooen
255 2299 332 2360 libro
347 2299 512 2376 impressum
528 2319 610 2373 esse,
626 2320 680 2360 nec
697 2299 805 2360 dubitat
817 2297 1026 2377 pronuntiare,
1047 2298 1176 2358 Neonte-

114 2399 210 2459 dieuse
215 2399 372 2478 exemplum
384 2398 691 2460 esseThannerianum.
703 2401 791 2461 Nunc
800 2399 902 2474 video,
917 2400 1072 2459 Panaenum
1083 2395 1176 2472 ipsum

113 2499 145 2559 in
158 2500 225 2560 lnd.
234 2499 375 2582 Bibliogr.
387 2510 458 2562 tom.
471 2499 510 2572 V,
523 2522 552 2578 p.
563 2498 623 2572 428
637 2496 721 2560 verba
732 2525 747 2551 «
758 2498 881 2578 lipsien,
900 2497 986 2556 conr.
997 2494 1147 2554 Kacbeloo.
1157 2519 1172 2544 n

114 2596 242 2657 uncinata
256 2596 415 2657 exhibuisse
430 2607 461 2655 et
475 2593 678 2676 adscripsisse,
696 2594 769 2653 Sine
779 2595 838 2652 loco
853 2601 980 2651 clansio.
1001 2591 1082 2671 Ergo
1097 2592 1174 2666 ipse,

118 2693 195 2774 quod
206 2715 286 2772 supra
293 2705 444 2776 posuerat,
457 2692 599 2753 incertum
612 2690 737 2752 reddidit
744 2711 777 2750 ac
788 2699 958 2767 suspectum.
966 2686 1047 2760 Quid
1057 2706 1153 2746 censes
1163 2728 1174 2759 ,

117 2788 291 2875 Harlesium?
308 2789 365 2852 Hic
382 2789 475 2850 omnia
492 2787 671 2850 contundens
686 2785 726 2848 ita
741 2784 839 2849 scribit
853 2784 884 2844 in
900 2786 987 2845 Brev.
999 2781 1094 2845 Notis.
1111 2779 1176 2842 Lit-

117 2902 195 2950 terat.
209 2892 294 2952 Rom.
311 2913 356 2952 an.
377 2890 471 2975 1789,
487 2913 516 2969 p.
530 2889 599 2952 225.
1229 2964 1233 2971 ¹

158 2991 262 3054 Tibulli
277 2992 365 3075 elegia
378 2991 413 3052 de
423 2991 565 3053 amoribus
581 3000 611 3051 et
628 2989 755 3052 laudibus
765 2985 1071 3065 Messalne‚Lipsiae4‚
1088 2982 1174 3046 1500.

116 3126 155 3140 -
164 3093 230 3154 Aa.
244 3092 350 3152 Tibulli
357 3090 456 3174 elegiae
469 3091 535 3153 libri
548 3093 600 3167 ΙΙ,
613 3089 646 3151 Ι..
653 3089 762 3153 Annus
770 3091 884 3150 Senecoe
894 3087 964 3170 biga
976 3086 1176 3172 tragoediarum

118 3212 182 3251 cura
198 3190 281 3250 Conr.
297 3188 391 3249 Celtis.
406 3187 444 3262 l,
462 3188 539 3250 circu
553 3189 639 3249 linem
656 3210 721 3249 saec.
737 3188 803 3249 XV.

156 3286 228 3361 Hic,
245 3287 310 3347 satis
323 3296 457 3364 apparet,
475 3286 570 3363 primo
584 3285 652 3369 loco
669 3283 820 3368 significari
831 3282 986 3343 editionem
998 3279 1184 3343 'l'baunerits-v

117 3407 198 3458 nam,
213 3406 267 3467 qua
283 3406 351 3445 usus
368 3395 413 3445 est
424 3383 564 3468 Heyuius.
587 3382 680 3458 Quale
693 3402 762 3444 vcro
778 3380 898 3440 alterum
919 3398 992 3459 opus
1009 3390 1075 3454 est,
1097 3378 1177 3460 quod

116 3484 241 3545 secundo
253 3485 320 3545 loco
330 3495 505 3544 memoratur
519 3506 526 3541 :
543 3482 608 3543 Act.
621 3478 730 3541 Tibulli
741 3480 838 3561 elegiae
848 3478 913 3539 libri
923 3476 981 3537 11?
997 3477 1068 3554 Est,
1082 3475 1179 3558 inquit
1300 3530 1305 3540 .

117 3586 278 3659 Harlesius‚
297 3585 417 3662 (Suppl.
427 3597 498 3662 part.
509 3583 543 3657 Ι,
556 3607 585 3660 p.
594 3580 673 3659 350)
687 3581 776 3643 editio
783 3580 891 3643 Tibulli
900 3600 966 3641 cure
976 3572 1059 3640 Conr.
1075 3576 1174 3649 Celtis,

118 3687 151 3746 de
166 3685 293 3768 quevide
306 3686 443 3746 Sclniaer
455 3682 523 3745 bibl.
539 3682 674 3744 Neostad.
688 3682 724 3743 ad
740 3680 879 3755 dissum,
896 3693 969 3759 part.
982 3681 1032 3753 11,
1047 3701 1110 3762 pag.
1127 3674 1176 3740 23.
1305 3757 1310 3765 Ι

118 3787 162 3846 Ac
177 3785 346 3849 Schniaerus
361 3783 474 3865 quidem
492 3804 524 3843 re
538 3804 604 3868 vera
619 3780 660 3841 ibi
673 3794 810 3844 memorat
828 3802 901 3863 opus
920 3779 974 3841 sub
990 3777 1047 3839 boc
1065 3775 1151 3840 titulo
1167 3800 1175 3839 τ

119 3914 134 3938 «ι
146 3887 211 3947 Act.
223 3884 332 3945 Tibulli
344 3883 440 3966 elegire
452 3882 518 3945 libri
532 3882 590 3943 duo
605 3905 612 3942 ι
626 3882 697 3942 Luc.
714 3881 793 3943 dnn.
810 3885 929 3946 Senecae
942 3879 1013 3962 Biga
1024 3877 1177 3963 tragoedia-

117 4007 180 4045 rum
197 4004 266 4046 cnra
282 3983 408 4044 Conradi
428 3982 538 4044 Celtis:
556 4008 571 4036 n
588 3979 757 4062 videturque
777 3980 808 4039 in
822 4002 855 4040 ca
871 3977 1008 4056 opinione
1024 3975 1128 4052 luisse,
1146 3989 1179 4038 ut
1285 3988 1295 4019 ⁸

119 4085 268 4157 crederet,
287 4095 434 4165 utramque
451 4079 609 4142 editionem
626 4092 749 4143 curatam
771 4099 833 4141 esse
855 4076 951 4141 avito
970 4075 1028 4138 boc
1049 4077 1178 4141 celeber-

920 4217 933 4264 l
