2722 4762
273 375 971 440 CODICIBUSETEDITIONIBUS.
1073 376 1156 461 lxxvii
1240 393 1242 397 ·

94 507 170 572 libris
182 530 238 588 pro
249 511 340 571 sestis
354 509 500 592 legebatur
511 529 644 590 quercaa,
663 508 742 591 quod
756 529 809 570 nos
822 509 889 568 oiim
905 507 972 570 licet
988 507 1157 572 mendosum

93 621 221 663 cnarnre
239 599 337 662 conati
356 621 462 662 snmus.
482 599 516 660 ld
533 598 557 658 si
573 597 620 660 cni
638 598 747 679 placet,
766 619 817 680 per
836 619 881 659 me
895 595 1008 679 quidem
1027 610 1161 680 sequatur

93 701 171 762 licet
180 703 252 762 llaec
262 713 358 764 tamen
369 720 434 764 vera
444 712 488 762 eat
500 699 604 774 lectio,
615 722 698 781 qoam
707 722 782 760 nunc
790 699 975 782 publicamus.
986 727 1001 753 »
1016 698 1065 759 Ad
1075 720 1160 783 quem

94 801 191 864 locam
207 811 368 879 provocant
387 799 538 882 Heynius,
560 821 589 877 p.
607 796 662 880 57,
681 800 726 860 ed.
749 802 820 874 Ill,
839 811 869 860 et
883 799 1160 884 Martyni-Lagnna,

94 923 122 978 p.
138 897 216 973 651,
232 912 267 960 nt
283 900 497 970 demonstrent,
515 896 670 959 editionem
682 918 727 957 an.
748 894 842 973 1582,
855 920 915 960 non
925 918 986 960 esse
998 921 1102 960 meram
1117 919 1166 960 rea
1252 951 1256 955 .

93 997 264 1077 petitionem
274 995 409 1059 edin'onis
417 1018 462 1060 an.
479 992 569 1079 1577,
581 995 632 1056 sed
642 1008 825 1057 retractatam.
838 995 929 1078 Atqui
941 995 1067 1079 Scaliger
1077 997 1161 1059 etiarn

94 1119 140 1159 an.
149 1094 225 1179 1577
236 1094 434 1167 odiditeestis,
444 1115 498 1155 nec
508 1096 540 1156 in
547 1095 752 1156 commentario
762 1095 875 1157 alteram
885 1095 1161 1178 lectionemqnercus

94 1193 174 1254 aliter
189 1215 317 1256 enarrare
333 1205 449 1254 conatus
462 1201 523 1266 est,
541 1192 591 1254 sed
602 1190 702 1253 iisdem
713 1192 794 1269 plane
807 1191 900 1254 verbis
911 1191 1067 1265 enarravit,
1082 1191 1113 1252 in
1124 1212 1160 1253 eo

95 1304 172 1352 certe
193 1291 363 1378 exemplari,
384 1311 443 1373 quo
461 1312 516 1373 ego
533 1313 609 1352 nunc
629 1302 708 1353 uton-
727 1291 808 1374 Ergo
830 1290 949 1353 tortasse
970 1290 1161 1374 intelligendae

94 1404 161 1453 sunt
177 1394 267 1453 Notae
285 1391 317 1452 in
333 1394 509 1465 Varronem,
525 1414 554 1470 p.
574 1390 649 1474 174,
668 1390 717 1453 ubi
734 1391 860 1477 Scaliger
876 1391 1029 1453 lectionem
1046 1413 1161 1472 quercus

95 1489 251 1561 enarravit3
269 1488 346 1551 unde
358 1509 390 1549 ea
406 1487 552 1550 transferri
568 1479 664 1571 potnit
680 1489 710 1551 in
725 1511 787 1553 oras
803 1489 928 1551 Plantin·
940 1501 970 1553 et
980 1487 1163 1572 Gryphianae.

97 1590 137 1651 at
150 1591 227 1651 mem
242 1573 412 1673 setigeris
427 1588 631 1650 commentario
646 1588 683 1648 aa
699 1589 743 1649 et.
763 1587 856 1676 r500,
873 1586 1084 1649 antemium
1098 1574 1163 1648 ant-

97 1685 320 1748 madversionem
331 1685 442 1746 iteravit
453 1684 567 1767 quidem
578 1726 588 1757 ,
604 1685 654 1745 sed
667 1685 774 1745 addidit
789 1684 872 1745 etiam
883 1683 990 1766 aliquid
1001 1726 1010 1756 ,
1022 1681 1162 1746 scribens:

97 1789 168 1849 llaec
189 1801 284 1848 tamen
302 1807 368 1850 vera
391 1797 435 1847 est
454 1785 561 1858 lectio,
581 1806 664 1867 quam
677 1807 762 1845 ¹nunc
785 1785 980 1863 publicamus,
1001 1810 1016 1837 κ
1033 1797 1062 1845 11
1079 1806 1162 1867 quam

95 1891 186 1970 pnim
199 1889 319 1948 editione
333 1908 394 1948 non
404 1883 656 1967 assequemur.»
673 1882 731 1943 Hic
738 1885 818 1969 prior
830 1884 913 1943 editio
924 1903 984 1945 non
996 1894 1094 1964 potest
1103 1903 1164 1944 esse

96 1986 186 2068 prima
197 2007 243 2046 an.
261 1984 426 2066 1577,1111
444 1983 567 2045 secunda
581 2004 626 2043 an.
645 1977 737 2056 1581,
756 1981 786 2040 in
803 1981 905 2063 quibus
922 1993 965 2042 est
979 1982 1082 2054 vestis,
1101 2002 1163 2041 non

47 2094 50 2102 '
96 2108 228 2168 quercus,
243 2085 299 2146 nisi
313 2084 397 2146 verba
416 2084 461 2144 illa
481 2094 604 2144 extrema
621 2079 766 2142 reserenda
781 2079 867 2139 simul
880 2091 948 2140 runt
962 2078 997 2138 ad
1011 2079 1163 2158 lectionem

96 2206 194 2247 veram
205 2183 349 2268 sequentis
357 2182 435 2268 309,
449 2205 514 2243 cnm
523 2181 574 2244 illo
587 2178 757 2241 cohaerentis
767 2222 776 2254 ,
785 2201 868 2261 quem
880 2177 927 2238 ille
937 2177 1067 2256 prolecto
1075 2178 1162 2262 longe

94 2281 177 2344 aliter
195 2284 396 2362 interpretatus
415 2294 460 2343 est
478 2281 508 2342 in
525 2282 570 2341 ed.
589 2279 692 2356 1600,
717 2270 800 2362 quam
817 2281 848 2340 in
864 2280 908 2340 ed.
929 2277 1053 2365 157711
1073 2279 1158 2343 1581.

97 2382 196 2443 ldanet
206 2394 301 2443 tamen
315 2380 361 2442 vel
376 2381 417 2441 sic
432 2380 555 2462 suspicio
568 2380 702 2443 editionis
715 2383 832 2462 priorz's,
843 2404 930 2462 quum
943 2380 1026 2450 etiam
1037 2385 1086 2442 Jo.
1100 2383 1164 2443 An-

97 2494 174 2542 ratus
188 2501 323 2552 carmen,
341 2482 395 2561 jam
408 2479 506 2558 primae
520 2478 641 2540 editioni
656 2501 701 2539 an.
717 2479 793 2563 1577
806 2479 969 2562 praefixum,
986 2480 1163 2563 inscripserit

97 2575 152 2637 ita:
168 2603 182 2629 a
195 2575 399 2649 lnCatnllnm,
412 2573 559 2636 Tibullum
572 2587 601 2637 et
607 2576 790 2652 Propertium
801 2578 873 2635 ado·
882 2574 1045 2659 scaligero,
1058 2579 1162 2658 juvene

99 2673 209 2747 nobili,
226 2676 338 2736 Verona
347 2672 486 2744 oriundo,
508 2693 598 2749 nuper
613 2673 783 2737 emendatos.
798 2700 813 2725 ι»
830 2671 956 2753 Scaliger
971 2672 1162 2748 1111111540,

100 2795 206 2834 annum
214 2785 274 2834 tum
289 2771 388 2856 agebat
401 2771 580 2855 trigesimum
592 2771 757 2848 septimum,
775 2770 876 2852 inquo
887 2769 977 2831 aetatis
991 2769 1079 2855 gradu
1089 2793 1162 2832 con-

102 2874 217 2934 stitutus
220 2872 340 2956 juvenes
351 2871 490 2951 appellare
504 2891 564 2931 non
575 2868 650 2931 solet
660 2868 840 2930 consuetudo
851 2868 996 2929 hodierna.
1007 2870 1163 2954 Utcunque

102 2983 194 3063 tamen
215 2972 275 3045 sit,
296 2971 369 3032 illud
386 2973 416 3030 in
433 2969 534 3030 oculos
551 2967 691 3041 incurrit,
709 2966 846 3027 lectiones
867 2966 1002 3050 Scaligeri
1017 3012 1027 3044 ,
1044 2971 1163 3054 margini

102 3068 286 3130 Plautiniance
301 3067 472 3150 adscriptas,
490 3066 514 3126 si
528 3088 544 3127 a
560 3066 656 3127 Carnu.
674 3064 786 3138 XXIl,
808 3085 861 3136 11,
879 3075 908 3124 et
924 3065 1017 3126 Carni.
1035 3069 1106 3143 XL,
1127 3068 1164 3129 13

103 3165 379 3244 discedas,potnisse
391 3161 540 3225 transcribi
553 3162 663 3225 eNotis
672 3160 1037 3232 inVarronem3Variantes
1046 3178 1161 3239 contra,

102 3286 166 3347 qnae
177 3263 254 3326 ultro
268 3263 452 3347 efragmento
461 3262 528 3323 libri
539 3263 636 3346 anac.
649 3260 797 3343 adscriptae
810 3271 879 3323 sunt
892 3260 1085 3343 Gryphianae,
1102 3285 1163 3325 non

103 3365 229 3447 potuisse
244 3365 424 3426 innotescere
440 3361 553 3422 Anton.
573 3360 706 3444 Gryphio
724 3382 790 3421 ann.
810 3352 909 3443 1573,
927 3359 982 3421 nisi
996 3361 1162 3424 alterutrum

102 3485 258 3541 ponamus,
273 3475 322 3523 aut
330 3461 411 3524 illum
423 3461 499 3522 idem
510 3460 619 3544 anacii
632 3459 820 3541 fragmentum
834 3458 865 3518 in
876 3458 1003 3520 manibus
1015 3460 1161 3537 habuisse,

101 3576 148 3624 ant
161 3563 317 3626 editionem
334 3560 488 3643 Scaligeri,
504 3581 581 3622 anno
601 3557 679 3643 1573
694 3559 829 3637 priorem.
849 3558 994 3621 Caeterum
1009 3561 1163 3640 Propertio

101 3664 183 3724 etiam
194 3685 259 3723 cum
271 3661 396 3724 Scholiis
408 3659 542 3735 Canteri,
558 3657 632 3721 sicut
646 3658 812 3741 Gryphiano
830 3656 923 3742 1573,
934 3659 1082 3738 adscriptae
1096 3672 1161 3720 sunt

102 3760 211 3824 dnobus
227 3762 299 3824 locis
313 3760 451 3835 lectiones
463 3758 616 3844 scaligeri,
631 3759 663 3833 l,
678 3774 733 3832 ιιι,
753 3756 798 3820 16.
813 3759 970 3839 (drmlopne
984 3757 1098 3818 admota
1111 3779 1161 3817 su-

105 3880 191 3934 nere,
209 3871 241 3921 et
252 3881 329 3924 arma
344 3881 440 3920 manu.
457 3861 567 3943 Margg·
585 3883 600 3911 a
617 3855 743 3938 Scaliger
757 3856 840 3917 tardo
854 3856 934 3938 legit.
947 3881 962 3909 o
979 3855 1023 3914 Aa
1037 3854 1163 3939 Scaliger

104 3955 374 4042 incontextntninm
382 3956 541 4019 editionum
552 3954 636 4017 habet
647 3965 675 4016 et
683 3977 763 4017 ormo
770 4000 780 4028 ,
793 3951 1040 4017 incommenneiis
1049 3953 1162 4015 scribite

107 4054 202 4121 tutavi
215 4058 285 4120 olim
297 4057 462 4120 adolescens
477 4054 645 4138 legendum,
661 4075 769 4116 sumere
782 4041 880 4122 tarda,
897 4052 931 4124 1,
946 4067 1004 4124 xx,
1024 4071 1080 4135 27,
1098 4075 1162 4114 cnr-
