2722 4762
220 348 287 432 xvuj
484 347 1004 414 namrarrounrronrs.

216 482 390 555 doctorum
407 498 574 582 quotquot
591 481 659 555 diri
679 481 825 555 virorum
842 480 973 557 labores
990 482 1143 574 adhibui,
1166 503 1281 581 notas*

216 625 280 697 que
299 626 401 698 quam·
420 596 598 698 plurimas,
624 599 763 700 proprio
787 627 826 672 ex
852 598 943 673 sonte
965 599 1130 688 haustas,
1145 600 1258 676 addidi
1268 652 1287 690 ,-

215 710 342 786 nullum
358 711 468 786 locum
480 713 668 813 praeteriens
682 713 763 814 quin
775 741 880 787 meam
893 714 999 814 ipsius
1012 715 1209 788 sententiam
1221 717 1278 789 de-

214 826 410 902 claraverim.
434 828 573 902 Codices
591 830 672 903 mibi
693 829 818 929 ubique
834 828 940 903 fulcro
964 831 1111 932 sumpsi,
1133 859 1194 906 nec
1210 861 1276 906 un·

215 972 312 1044 quam
324 945 367 1019 ab
382 973 494 1019 eorum
507 947 701 1020 auctoritate
712 946 863 1020 recedere
874 974 974 1021 ausus
984 972 1068 1020 sum.
1081 949 1203 1021 Verum
1212 994 1222 1036 ,
1232 975 1277 1022 ne

212 1061 391 1157 ingeniosis
408 1063 690 1137 emendationibus
705 1089 849 1148 careres,
873 1061 993 1150 lector,
1015 1090 1097 1162 quas
1116 1063 1273 1137 Heinsius

212 1174 375 1277 praecipue
393 1195 425 1250 et
441 1179 483 1269 fl.
500 1179 596 1250 Voss.
613 1174 735 1278 passim
751 1173 956 1263 adtulerunt,
973 1175 1062 1249 notis
1076 1175 1274 1250 inseruimus

212 1291 432 1393 quodcunque
457 1310 549 1366 textu
565 1291 684 1394 procul
710 1320 781 1366 esse
799 1291 982 1365 statuimus.
1005 1293 1113 1366 Vitam
1137 1293 1274 1366 omnino

210 1402 416 1478 reficiendam
442 1407 642 1490 censuimus,
672 1404 800 1501 egregia
828 1405 1057 1479 dissertatione
1077 1405 1144 1493 usi,
1176 1434 1275 1507 qnam

208 1546 262 1615 an.
292 1517 383 1618 1819
402 1519 504 1592 edidit
528 1520 648 1619 Lipsiae
671 1538 728 1593 Ἐκ.
756 1540 787 1592 t.
807 1536 902 1592 Gttlt.
922 1520 1059 1611 Spotttt,
1086 1520 1178 1618 cujus
1195 1548 1272 1623 pars

208 1634 310 1710 altera
334 1635 429 1711 valde
454 1636 677 1722 desideratur,
705 1664 811 1736 neque
834 1654 942 1709 tamen
959 1637 994 1710 in
1017 1638 1170 1737 omnibus
1194 1637 1273 1711 buic

208 1752 308 1824 docto
320 1751 391 1824 viro
407 1752 639 1826 consentimus.
657 1756 825 1825 Excursus
838 1749 1079 1852 mythologicos
1094 1753 1273 1854 quosdam,

210 1896 249 1942 ex
273 1867 413 1943 illustris
437 1868 604 1944 Creutaeri
631 1866 829 1968 symbolica,
855 1867 1027 1942 maximam
1047 1885 1191 1967 partem
1217 1896 1271 1943 ex-

206 1986 397 2084 cerpsimus.
416 1986 518 2082 Quod
533 1984 575 2058 ad
594 1984 734 2057 indicem
750 1984 896 2084 pertinet
910 1985 967 2085 qui
987 1986 1109 2086 lleynii
1125 1985 1269 2085 primum

207 2117 296 2185 erat,
320 2101 438 2173 deinde
462 2099 623 2174 Huschkii
646 2099 782 2172 editioni
800 2099 949 2173 'insertus
967 2118 1031 2186 est,
1052 2128 1142 2175 nunc
1157 2102 1267 2177 denuo

204 2215 360 2287 immensa
380 2242 479 2315 opera
499 2232 615 2288 anctus
638 2215 673 2287 in
695 2212 799 2287 luceru
814 2212 937 2315 prodit.
953 2216 1065 2288 Unum
1080 2214 1188 2289 adhuc
1212 2245 1269 2291 su·

206 2348 335 2429 perest,
347 2330 388 2403 dc
402 2360 469 2431 quo
481 2350 514 2404 te
524 2329 687 2404 monitum
700 2324 771 2404 esse
782 2328 895 2415 velim;
912 2330 940 2403 si
953 2349 985 2404 te
997 2329 1124 2404 Tibulli
1137 2330 1266 2427 legendi

205 2445 402 2521 desiderium
415 2463 521 2534 tenet,
536 2463 661 2519 textum
676 2473 828 2546 sequere,
843 2445 938 2519 unice
952 2463 1094 2536 textum,
1110 2465 1267 2549 praeterea

205 2559 305 2649 nihit;
321 2562 463 2638 editores
475 2591 587 2637 omnes
598 2563 707 2659 abige,
723 2561 779 2663 qui
790 2579 922 2664 poetam
935 2563 1090 2637 mendosa
1102 2563 1264 2665 scriptura

205 2694 359 2766 nunant,
376 2695 408 2751 et
422 2676 561 2751 barbare
577 2674 669 2777 loqui
683 2675 849 2750 interdum
863 2694 1002 2773 cogunt3
1018 2676 1160 2777 denique

364 2833 407 2885 Me
419 2854 519 2905 quoque
532 2847 642 2899 servato,
656 2847 739 2907 peccet
753 2847 780 2886 ut
792 2836 838 2886 ttte
852 2834 958 2887 minm'.

239 3066 247 3094 ¹
263 3062 320 3114 Tib.
334 3062 388 3115 Lib.
402 3065 430 3128 Ι,
445 3063 484 3114 ΕΙ.
499 3080 527 3116 vr
535 3064 543 3125 ,’
554 3084 578 3115 v.
597 3063 632 3114 16.
