2722 4762
253 322 517 386 CODICIBUS
547 325 607 385 ET
636 322 968 388 EDl'lIONIBUS.
1065 329 1144 394 lxxxv

116 452 199 516 Albii
217 452 326 514 Tibulli
340 453 470 515 carmina.
489 453 666 530 Rouerdnm,
688 452 783 530 1805,
801 456 902 519 in-ra.

118 563 220 626 Nitide
233 564 300 626 satis
314 577 343 625 et
356 577 484 627 accurate
496 585 638 644 expressa,
654 565 797 649 Heyninm
808 587 923 649 qnoque
937 579 1084 629 auctorem
1095 593 1146 631 se-

80 666 189 748 qnitnr.

123 773 202 836 Attii
218 758 328 835 Tibulli
345 774 490 836 carmina·
506 775 586 836 Libri
601 786 663 834 tres
676 798 739 835 cum
755 774 829 837 libro
850 787 951 857 quarto
965 775 1099 854 Sulpiciae
1117 792 1146 841 et

82 876 204 937 aliorum
213 896 246 937 ex
257 877 426 938 recensione
437 875 584 959 Heyniana
592 897 656 936 cum
666 875 950 939 animadversionibus
962 877 1051 938 edrdrt
1061 878 1097 940 E
1111 881 1146 943 C.

81 975 116 1034 F.
120 975 310 1034 Wunderlrcb
320 974 503 1058 philosoph
494 997 525 1036 tn
536 976 614 1037 acad.
624 976 769 1058 Goetting.
781 976 893 1037 doctor.
899 975 1058 1055 Gottingoe,
1071 980 1149 1061 opud

81 1070 499 1161 Danlwerts‚1809,in-8.

122 1181 194 1242 Post
208 1181 285 1243 bunc
301 1186 349 1245 Jo.
367 1184 460 1244 llenr.
474 1181 595 1244 Vossius
612 1184 678 1244 duas
695 1182 803 1245 curavit
817 1183 975 1258 editiones,
994 1206 1058 1265 qnae
1074 1183 1147 1245 intra

82 1280 166 1340 nnius
178 1281 244 1341 anni
248 1280 380 1360 spatium
395 1282 488 1345 lucem
502 1283 644 1348 viderunt.

121 1388 225 1452 Albius
237 1377 370 1453 Tibullus
380 1403 409 1453 et
419 1393 600 1478 Lygdamus,
612 1392 743 1454 codicum
753 1412 808 1469 ope
820 1391 958 1451 emendati
964 1404 982 1450 'a
993 1395 1042 1456 Jo.
1056 1395 1145 1454 llenr.

82 1489 166 1551 Voss
181 1491 368 1577 Heidelberg,
387 1493 460 1570 apud
473 1494 561 1553 Mobr
571 1502 600 1552 et
610 1493 749 1563 Zrmmer
771 1487 867 1569 1811
880 1488 971 1553 in·⁰.8

121 1598 226 1660 Albius
240 1599 372 1660 Tibullus
386 1601 445 1660 und
458 1600 638 1684 Lygdamus,
654 1600 727 1660 nach
739 1536 966 1660 Handsclrrilten
980 1597 1151 1682 beriebtiget

83 1699 228 1762 ronJob.
242 1700 346 1761 Heinr
361 1702 446 1761 loss.
465 1700 511 1760 lb.
527 1699 711 1781 opudeosd.,
731 1694 825 1771 1811,
843 1696 934 1758 in-⁰.8

126 1807 160 1867 ln
175 1808 270 1889 priore
287 1807 403 1888 quidem
415 1804 541 1867 editione
557 1807 674 1867 nonnisi
691 1827 763 1868 nova
779 1818 871 1868 tertam
886 1808 1015 1868 recensio
1031 1807 1148 1869 exbibe-

83 1920 131 1968 tnr
144 1929 152 1964 ε
168 1908 199 1966 in
211 1907 298 1969 altera
309 1928 379 1968 vero
393 1905 543 1990 adjunctus
556 1918 600 1968 est
612 1905 695 1967 etiam
709 1894 946 1982 cdromentarins,
960 1929 1018 1988 quo
1031 1908 1076 1969 vel
1088 1908 1148 1971 lec-

84 2007 194 2081 tiones,
211 2030 280 2088 quas
296 2006 420 2085 recepit,
436 2006 483 2068 vel
498 2007 674 2089 conjecturas
692 2029 780 2088 quum
794 2029 857 2066 suas
873 2007 977 2084 ipsius,
997 2021 1058 2068 tum
1073 2008 1148 2070 alio-

84 2129 162 2181 rum,
175 2113 243 2187 quas
252 2106 366 2180 intulit,
377 2106 528 2168 defendere
535 2105 656 2167 studuit.
667 2106 715 2166 lld
724 2118 833 2166 textum
840 2108 1147 2171 veroconstitnendnm

85 2206 216 2268 undecim
231 2207 279 2269 ille
295 2206 410 2279 Codd.,
428 2206 559 2267 nondum
577 2205 705 2280 collatis,
724 2217 753 2274 et
772 2207 868 2268 multis
882 2220 1018 2286 praeterea
1035 2209 1146 2271 editio-

84 2306 166 2367 nibus
178 2306 387 2388 antiquioribus
399 2329 468 2368 usus
482 2319 552 2367 erat.

123 2415 266 2493 Deinceps
276 2414 320 2475 vir
330 2415 528 2489 doctissimus,
540 2414 708 2474 immanuel.
726 2405 825 2494 Georg.
835 2416 988 2490 Huschke,
1001 2416 1145 2498 professor

85 2513 324 2592 Rostocbiensis,
343 2536 419 2597 anno
439 2513 660 2576 MDcchttt
685 2513 802 2595 primam
823 2516 887 2575 libri
909 2516 992 2597 primi
1010 2517 1145 2600 elegiam,

85 2604 244 2692 speciminis
250 2616 330 2690 loco,
339 2614 483 2676 recensuit
491 2625 576 2695 atque
586 2612 749 2683 illustravit;
761 2634 836 2674 anno
847 2613 1014 2695 insequente
1022 2617 1147 2676 eamdem

86 2715 216 2793 repetiit,
230 2727 314 2796 atque
328 2714 447 2779 tertium
459 2725 489 2772 et
503 2711 653 2789 septimum
666 2712 792 2794 ejusdem
803 2711 871 2773 libri
886 2735 999 2774 carmen
1012 2715 1148 2795 adjunxit.

127 2815 207 2883 altit
223 2816 330 2885 Tibulli
345 2823 457 2905 Elegiae
472 2832 547 2894 tres,
565 2819 755 2882 diversitatem
772 2820 901 2906 lectionis
912 2821 1060 2883 Vossianae
1073 2845 1148 2883 snas·

88 2945 142 3005 que
155 2923 409 2986 ammadversrones
421 2921 524 3005 adpetat
536 2917 590 2982 Im
610 2922 648 2981 G.
662 2919 807 2982 Hnscblte.
823 2901 965 2997 Rostocb,
985 2946 1032 3004 ap.
1043 2912 1146 2998 Adler,

91 3020 185 3099 1814,
201 3023 310 3097 in-vt

131 3132 285 3196 Subsecuta
295 3134 436 3196 esttotins
445 3130 692 3194 Tibullieditio
661 3153 723 3214 quae
733 3129 852 3192 debetur
862 3131 953 3197 Conr-
962 3133 1010 3193 ΑΙ.
1018 3121 1145 3209 Bauero,

89 3233 149 3317 regi
164 3236 262 3295 savar.
278 3254 294 3293 a
309 3233 409 3294 consil.
425 3231 509 3314 legat.

130 3341 233 3403 Albius
239 3340 381 3403 Tibullus.
392 3341 448 3400 Mit
458 3340 601 3402 teutscber
613 3338 828 3424 Uebersetznng
839 3383 848 3414 ,
859 3341 919 3401 und
928 3341 1007 3405 einer
1015 3344 1147 3407 Answabl

91 3441 139 3502 der
151 3442 380 3525 vorriiglicbsten
390 3440 547 3519 prdsenden
559 3441 618 3501 und
630 3440 827 3501 erlauternden
838 3442 1061 3528 Anmerlungen
1073 3467 1148 3506 vers·

89 3535 240 3604 cbiedener
253 3543 427 3612 Gelebrten,
449 3531 544 3615 1816,
562 3539 652 3613 in·4⁰.

129 3655 195 3728 Qua
212 3652 355 3725 editione,
378 3673 465 3733 quum
485 3672 536 3729 per
558 3650 742 3728 bibliopolam
764 3673 823 3712 non
840 3653 1001 3727 vendatur,
1028 3654 1149 3733 ideoque

90 3755 184 3832 paucis
200 3752 309 3814 tanlnm
325 3751 505 3822 innotuerit,
524 3750 592 3833 quid
606 3762 706 3812 auctor
721 3765 852 3832 praestare
868 3754 1010 3824 voluerit,
1028 3752 1149 3815 breviter

90 3871 274 3933 exponamus.
291 3852 326 3909 ln
341 3842 505 3926 praelatione
519 3849 642 3926 primurn
660 3850 746 3939 docte
759 3850 890 3911 disseruit
905 3853 939 3910 de
954 3850 1008 3910 vita
1025 3849 1147 3928 Tibulli,

93 3946 184 4030 deque
200 3961 329 4026 tempore
347 3969 436 4031 quum
452 3946 539 4023 ipsius
558 3959 668 4027 poetae,
684 3969 742 4027 quo
758 3948 877 4016 vixerit,
901 3958 961 4016 turn
977 3945 1148 4024 carminum,

90 4069 149 4128 qno
168 4047 350 4126 probabiliter
367 4046 469 4124 scripta
482 4046 558 4119 sint,
576 4047 734 4108 accuratius
750 4046 969 4117 constituendo;
995 4045 1096 4109 deinde
1113 4047 1147 4109 de
