2828 4762
335 304 621 369 ELEGIARUM
643 304 961 368 ARGUMENTA.
1140 305 1187 390 ciij

247 533 252 571 ι
336 458 353 603 ‚⁵
502 500 704 574 uincta
738 501 802 574 vr.

154 683 295 768 Ejusdem
305 705 367 747 esse
376 685 443 746 anni
451 684 525 760 sere,
538 689 618 770 cnjus
629 687 772 765 superior,
781 686 894 748 ridetur
904 686 976 749 lraec.
983 687 1074 750 Poeta
1084 686 1187 751 misen

110 786 213 847 anxius
230 787 317 846 multa
335 785 579 861 comminiscitur,
595 785 699 867 quihus
715 797 764 847 aut
778 785 852 847 furta
867 787 971 866 pnettae
982 809 1116 872 arguere,
1139 802 1189 851 aut

112 904 176 943 eam
189 881 224 941 ad
238 881 384 955 meliorem
400 895 524 944 mentem
538 904 672 946 reuocare
689 895 816 944 conatur.
832 884 961 947 Tandem
975 887 1072 947 matris
1084 886 1189 977 puellm

111 981 282 1042 recordatur
296 1003 408 1043 summo
423 1003 487 1042 cum
508 981 632 1056 illectu,
649 1005 736 1064 quum
752 1003 813 1043 eam
828 983 983 1048 studiosam
999 985 1089 1048 suist
1104 1006 1188 1048 amo·
1297 1048 1304 1071 ⁸

112 1079 194 1140 ribus
210 1079 363 1162 propitiam
379 1092 512 1158 expertus
524 1092 609 1142 esset.

419 1247 423 1256 ’
493 1288 691 1361 ninom
723 1289 808 1362 ru.

154 1476 214 1535 An.
229 1476 270 1534 U.
288 1474 324 1535 C.
343 1497 416 1559 727,
434 1475 612 1556 triumphum
622 1478 751 1540 Messalae
763 1477 969 1560 Aquitanicam
983 1490 1012 1540 et
1027 1478 1111 1542 timul
1126 1486 1186 1567 ejus

114 1572 238 1633 natalem
255 1571 386 1633 celebrat.
409 1574 589 1648 Enumerat,
615 1576 694 1656 quod
714 1587 809 1654 puetae
824 1574 915 1638 lacere
931 1576 1052 1651 solent,
1078 1576 1186 1658 lucain

114 1671 216 1754 quibus
232 1673 350 1734 Messala
362 1678 497 1755 praeterea
508 1697 553 1736 res
563 1674 669 1757 gessit,
685 1686 725 1748 et,
737 1674 871 1758 AEgypto
884 1687 1122 1751 commemorata,
1134 1679 1186 1740 in-

113 1773 185 1832 cidit
195 1773 225 1832 in
237 1773 354 1847 Osirin,
373 1794 457 1855 quem
468 1774 583 1834 tandem
595 1795 661 1834 cum
676 1774 761 1858 genio
773 1773 807 1833 ad
819 1774 894 1834 diem
908 1773 1029 1836 natalem
1043 1777 1187 1838 celebran-

114 1871 183 1931 durn
198 1872 334 1947 advocat,
355 1884 384 1933 et
399 1895 453 1952 pro
472 1872 592 1934 Messala
612 1886 678 1935 vota
695 1872 771 1934 lacit.
791 1873 902 1936 Ordine
919 1871 1038 1938 lortmse
1054 1890 1131 1939 sexta
1143 1889 1186 1939 est

113 1993 208 2033 mrum
225 1996 292 2056 quae
306 1963 470 2053 supersunt·
838 1961 867 2043 t‘
963 2012 965 2018 ·

472 2167 674 2268 suuuts
709 2112 842 2241 vm)
962 2144 966 2152 '

155 2360 245 2437 Quod
260 2359 295 2420 ad
311 2371 422 2442 tempus
437 2360 561 2432 attinet,
583 2371 611 2419 te
627 2359 663 2420 ad
684 2372 791 2441 quartm
812 2376 1009 2444 argumentum
1030 2364 1114 2425 resec.
1138 2367 1185 2427 De

111 2464 208 2522 more
223 2459 346 2520 uantur
359 2459 389 2518 n
403 2459 537 2521 Pholoen
552 2459 611 2544 agn
623 2461 680 2522 soc
696 2481 818 2521 carmen.
835 2462 905 2522 rat
917 2465 1061 2526 umerus
1075 2448 1185 2527 mauo-

111 2555 196 2636 rum,
219 2561 304 2622 etiam
324 2560 434 2621 Tibulli
448 2559 525 2624 rotis
539 2560 699 2636 expetitus,
715 2559 777 2636 ipse
793 2557 872 2621 cultu
892 2561 944 2622 sibi
958 2574 987 2623 et
1001 2575 1105 2624 ornatu
1122 2565 1185 2641 pla-

111 2681 180 2722 cens
192 2684 200 2720 ε
218 2681 301 2743 quem
313 2661 344 2720 in
356 2681 468 2743 gravent
479 2656 584 2736 puellae
596 2641 721 2719 amorem
732 2656 884 2732 incidisse,
900 2659 995 2721 multis
1008 2662 1184 2743 argumentis

110 2773 198 2841 poeta
212 2759 443 2842 deprehenderat.
456 2760 520 2819 Nec
531 2769 626 2819 tamen
641 2779 733 2819 nurus
747 2754 797 2818 ille
808 2769 867 2817 erat
880 2779 971 2832 amor,
987 2759 1037 2819 sed
1050 2782 1083 2820 ex
1099 2759 1184 2843 longa

112 2883 179 2922 cnm
198 2861 331 2934 Pholoe,
355 2881 422 2941 qum
436 2858 517 2937 prior
533 2857 693 2919 formosum
709 2880 830 2940 pomum
846 2860 1037 2940 appetiverat,
1056 2882 1184 2922 consue-

111 2961 213 3022 tudine
221 2973 303 3023 natus
318 2983 325 3020 :
338 2982 396 3042 quo
407 2958 574 3032 observato,
588 2958 701 3021 Pholoe
715 2959 751 3019 ad
762 2958 900 3038 puellares
912 2971 986 3022 artes
997 2961 1098 3023 edocta
1108 3005 1117 3035 ,
1129 2985 1183 3023 su-

112 3060 200 3140 perbe
216 3073 246 3122 et
260 3060 405 3122 fastidiose
417 3081 539 3136 puerum
557 3057 672 3134 habuit,
689 3081 808 3143 eumque
824 3061 908 3121 solita
925 3083 990 3122 cum
1010 3056 1181 3138 calliditate,

111 3162 202 3223 modo
219 3161 322 3235 elusit,
344 3161 432 3223 modo
448 3160 626 3222 excruciavit.
648 3161 793 3222 lmmiscet
809 3174 893 3243 poeta
910 3162 1019 3224 monita
1036 3174 1064 3226 et
1080 3163 1183 3247 objur-

111 3263 241 3348 gationes
255 3262 377 3344 puellm,
394 3282 431 3323 ne
446 3281 566 3340 puerum
581 3258 628 3321 illa
642 3259 761 3322 ulterius
773 3273 915 3344 torqueat

477 3465 699 3578 'usuum
735 3468 802 3540 rx.

153 3653 204 3724 Ad
224 3661 353 3724 eumdem
372 3684 477 3723 annum
502 3659 658 3723 reserenda.
677 3660 820 3720 Marathus
847 3679 945 3720 rursus
968 3660 1067 3733 adest,
1095 3681 1179 3741 quem

110 3768 203 3828 lector
218 3764 304 3848 longe
320 3744 445 3825 exsulare
455 3762 553 3824 uellet.
568 3759 654 3823 Pueri
670 3757 832 3819 muneribus
848 3758 977 3836 corrupti
992 3757 1135 3819 avaritiam
1151 3771 1181 3818 et

110 3865 256 3948 perfidiam
269 3864 391 3949 graviter
405 3874 517 3925 accusat
531 3874 636 3944 poeta:
652 3858 719 3919 hinc
735 3859 834 3920 acerbe
850 3857 996 3919 invehitur
1012 3857 1043 3916 in
1057 3878 1181 3934 currup-

111 3979 225 4041 torem,
242 3964 325 4047 eique
346 3964 415 4026 mala
431 3984 539 4024 summa
553 3971 739 4042 apprecatur,
757 3959 855 4020 uxoris
874 3957 1011 4018 adulteria
1027 3969 1057 4018 et
1072 3960 1180 4022 suroris

111 4066 316 4131 temulentiam.
331 4067 426 4131 Puero
439 4076 533 4127 autem
547 4060 743 4140 poenitentiam
757 4059 824 4122 lacti
838 4057 981 4138 praedicit.
