2722 4762
216 305 277 366 xxiv
610 307 668 365 DE
699 307 896 367 TlBUliLl

215 438 245 494 in
261 435 330 494 libro
342 433 457 505 Colott‘i,
472 435 502 516 iu
518 435 694 510 Florentino,
710 440 740 497 in
756 439 844 499 veteri
856 437 941 508 ts'dm,
957 437 999 495 sic
1009 433 1104 512 fuisse
1119 435 1280 515 affirmant,

215 545 370 609 testantur,
391 548 420 596 et
440 533 558 596 similem
580 536 660 597 aliam
676 538 861 599 'collationem
881 537 964 597 etiam
984 537 1107 598 Heinsio
1129 540 1285 623 contigisse

215 636 299 719 paulo
316 648 382 718 post
398 635 571 708 videbimus3
590 659 678 715 porro
695 636 798 697 librum
821 636 967 710 Marcelli,
988 636 1131 717 pontificis
1151 639 1283 711 maximi,

164 800 167 809 ,
215 735 380 797 Patauinum
393 745 422 794 et
437 734 508 796 duos
519 746 628 796 veteres
638 735 726 797 libros
739 758 816 796 suos.
831 735 1005 808 ldemalios,
1020 736 1070 817 qui
1084 736 1196 797 codices
1209 759 1285 799 con-

216 837 355 910 tulerant,
369 835 558 897 consuluerat
571 837 642 896 Non
654 857 749 917 paucae
759 837 821 918 ejus
835 834 991 908 lectiones,
1003 835 1033 895 id
1045 835 1121 916 quod
1133 856 1223 916 perse
1235 836 1285 897 iu-

218 930 374 1014 telligitur,
391 951 456 990 cum
473 930 614 991 Vaticanis
629 931 742 992 Heinsii
760 931 944 992 conveniunt.

260 1058 275 1084 »ι
287 1030 382 1090 Jonas
389 1029 486 1108 Douso
496 1041 575 1106 pater
586 1051 602 1089 a
612 1030 709 1108 lipsio
721 1031 878 1091 lectionum
889 1029 919 1089 in
931 1029 1077 1090 Tibullum
1085 1031 1231 1092 varietates
1243 1054 1287 1093 ac·

219 1143 345 1214 ceperat,
359 1152 428 1214 quas
445 1131 509 1202 ille,
527 1130 594 1190 dum
609 1134 712 1193 Romae
727 1142 816 1205 esset,
832 1153 869 1190 ex
879 1132 1001 1215 antiquo
1013 1131 1286 1192 membeoeoceontm

219 1232 344 1292 codicum
350 1228 415 1309 fide
430 1242 623 1311 excerpserat,
642 1254 657 1291 e
675 1229 777 1312 quibus
793 1229 965 1311 insigniores
981 1230 1147 1289 memoravit
1165 1228 1195 1289 in
1207 1232 1288 1290 era-

221 1327 345 1395 eidaneis
362 1328 392 1387 in
410 1324 556 1387 Tibullum
574 1347 599 1385 c.
620 1323 677 1399 15,
696 1326 744 1388 rb.
762 1328 835 1386 Sunt
849 1324 925 1386 inter
941 1345 986 1384 eas
1004 1324 1168 1397 nonnulle,
1181 1325 1287 1405 quaein

220 1425 305 1485 nullis
326 1424 387 1485 aliis
412 1424 492 1485 libris
514 1425 712 1502 reperiuntur,
730 1437 761 1485 ut
781 1423 860 1484 facile
877 1424 968 1502 possit
992 1423 1116 1504 suspicio
1140 1421 1286 1494 subnasci,

221 1521 294 1583 libro
316 1523 422 1583 nostris
446 1521 607 1602 antiquiore
630 1521 757 1599 Lipsium
777 1544 859 1582 usum
875 1542 950 1591 esse3
968 1542 1066 1582 verum
1089 1531 1156 1580 sunt
1172 1540 1213 1582 eae
1230 1521 1289 1582 lere

220 1617 378 1699 ejusmodi,
393 1628 425 1675 ut
442 1637 458 1673 e
473 1616 526 1675 viri
537 1617 655 1697 alicujus
667 1617 745 1677 docti
760 1615 876 1697 ingenio
893 1614 1029 1698 prolectae
1043 1638 1104 1676 esse
1115 1616 1204 1678 videri
1218 1639 1289 1699 pos·

222 1729 289 1778 sint
302 1719 375 1776 Nam
388 1716 466 1797 quod
479 1716 533 1776 buc
548 1716 646 1777 saltem
658 1715 724 1777 loeo
736 1739 751 1775 a
763 1737 808 1776 me
820 1716 995 1778 mouendum
1007 1728 1067 1789 est,
1083 1739 1187 1797 quum,
1204 1716 1289 1779 litte-

222 1840 315 1879 rarum
327 1815 503 1897 antiquarum
514 1815 609 1876 studio
623 1816 759 1889 reducto,
776 1816 811 1875 ad
823 1817 955 1894 poeticen
967 1817 1122 1878 Romanam
1133 1817 1288 1879 multorum

222 1916 335 2002 ingenia
352 1916 456 1977 saeculo
472 1917 542 1976 xlv
555 1928 584 1977 et
594 1917 650 1975 XV
666 1938 696 1977 se
710 1927 926 1989 converterent,
939 1914 1071 1977 Tibullus
1086 1916 1216 1998 inprimis
1234 1916 1290 1977 luit

223 2018 265 2091 is,
284 2039 367 2098 quem
383 2016 572 2098 exprimerent
588 2014 719 2079 certatim
735 2014 806 2074 ltali.
826 2013 948 2075 Laudavi
969 2017 1023 2097 jem
1039 2035 1123 2096 supra
1139 2016 1288 2077 Herculem

226 2226 372 2296 poetarum
391 2214 502 2274 delicias
519 2212 629 2274 adierit.
642 2215 709 2274 Hoc
722 2211 1016 2296 ingeniosissimorum
1029 2212 1177 2275 hominnm
1194 2212 1289 2273 studio

225 2314 331 2374 lactum
351 2326 413 2387 est,
430 2324 462 2371 ut
478 2312 586 2373 Tibulli
611 2312 775 2393 exemplaria
799 2310 1046 2371 circumferrentur
1066 2312 1166 2389 passim
1189 2334 1204 2372 a
1223 2313 1290 2373 viris

227 2411 319 2472 doctis
336 2412 500 2484 emendata,
515 2411 621 2473 lacunis
637 2412 720 2473 etiam
733 2409 887 2491 suppletis,
899 2409 1026 2490 adeoque
1042 2410 1180 2490 eiusmodi
1197 2430 1292 2470 exem·

228 2511 332 2589 ploria,
351 2534 433 2591 quse,
449 2532 517 2571 vero
540 2510 673 2581 nomine,
692 2510 859 2589 interpolata
877 2522 964 2570 erant.
982 2510 1072 2570 Multa
1092 2510 1180 2593 igitur
1196 2509 1292 2569 elimi-

227 2608 318 2668 nanda
330 2608 408 2669 luere
419 2609 448 2667 in
459 2607 674 2686 primisblureti
688 2606 914 2678 recensionibus;
929 2606 964 2667 de
975 2606 1076 2688 quibus
1088 2606 1206 2688 singulis
1221 2606 1292 2666 locis

228 2708 400 2770 monuimus.
412 2709 510 2790 Atque
521 2710 582 2769 bac
595 2731 682 2789 quum
699 2730 758 2769 non
775 2707 913 2791 fugissent
926 2706 986 2766 Jos.
995 2707 1187 2782 Senlr‘gemm,
1202 2705 1292 2768 virum

228 2807 326 2889 judieii
338 2820 366 2867 et
378 2807 485 2889 ingenii
496 2807 522 2865 vi
534 2806 811 2884 praestantissimum,
823 2829 910 2887 quum
922 2805 974 2866 sibi
984 2805 1126 2866 rideretur
1136 2826 1195 2864 non
1206 2825 1293 2884 pauca

229 2905 291 2963 loca
304 2904 333 2960 in
344 2904 370 2961 T
372 2902 451 2962 ibulli
460 2902 567 2984 Elegiis
581 2903 806 2980 deprehendere,
818 2925 881 2983 quos
891 2902 972 2962 nullo
982 2924 1078 2962 sensus
1090 2899 1205 2961 vinculo
1217 2900 1293 2960 inter

230 3022 260 3062 se
273 2987 593 3077 comprehenderentur,
604 3023 691 3081 quum
709 3000 739 3059 in
755 3021 790 3060 eo
808 2999 960 3060 subsistere
976 3000 1107 3072 deberet,
1125 3013 1157 3058 nt
1170 2997 1294 3079 plurium

231 3099 392 3183 Elegiarum
413 3097 551 3174 excerptis
573 3094 689 3178 primam
710 3111 739 3157 et
756 3098 906 3158 secundam
921 3097 985 3158 libri
1002 3098 1086 3176 primi
1102 3107 1230 3158 constare
1246 3094 1295 3154 di-

232 3213 324 3273 ceret,
335 3220 371 3259 eo
389 3198 519 3272 devenit,
532 3208 565 3256 ut
581 3217 677 3258 versus
688 3199 843 3258 nonnullos
854 3222 887 3260 ex
897 3199 990 3259 minus
1002 3198 1154 3259 commodo
1165 3198 1196 3257 in
1211 3218 1294 3257 com-

232 3298 390 3360 modiorem
400 3341 409 3367 ,
420 3312 452 3357 ut
463 3299 488 3358 ei
501 3297 657 3369 videbatur,
668 3298 762 3357 locum
774 3297 948 3368 transferrem
960 3284 1208 3379 quodinstitutum
1220 3295 1295 3355 idem

231 3397 262 3455 in
275 3394 446 3476 Propertio,
464 3394 549 3454 etiam
566 3394 596 3453 in
610 3393 751 3468 Manilio,
769 3394 842 3454 etin
856 3395 990 3478 Sulpiciae
1001 3396 1106 3467 Satira,
1123 3397 1221 3455 Dousa
1234 3391 1295 3473 qui-

236 3494 299 3555 dem
317 3509 346 3556 et
360 3495 479 3556 Bartbio
495 3493 655 3572 probante,
673 3495 801 3556 servavit.
819 3498 858 3557 Et
875 3496 965 3557 nostri
985 3496 1096 3576 quidem
1114 3492 1207 3572 poetae
1222 3492 1295 3553 Ete-

233 3595 306 3680 giam
321 3594 458 3672 primam,
478 3607 511 3655 ut
526 3594 673 3675 plerasque
688 3593 752 3655 libri
772 3593 891 3676 prioris,
907 3595 988 3672 plane
1007 3593 1170 3670 discerpsit,
1188 3603 1216 3652 et
1229 3604 1296 3650 tan-

235 3718 317 3778 quam
330 3695 448 3777 Absyrti
467 3693 582 3776 alicujus
596 3694 684 3755 lacera
701 3693 843 3769 membra,
854 3705 944 3776 partes
960 3695 1020 3775 ejus
1036 3692 1176 3770 dispersit.
1192 3691 1297 3750 Enim-

233 3816 321 3867 vero,
334 3806 366 3855 ut
375 3792 542 3867 concedam,
554 3792 664 3874 aliquot
674 3792 918 3877 paginas,aliquot
928 3813 1041 3863 versus,
1053 3790 1132 3872 quod
1142 3789 1297 3861 interdum,

234 3915 261 3952 v.
279 3913 304 3952 c.
329 3891 360 3951 in
377 3889 523 3964 Luciano,
541 3888 645 3949 sactum
664 3889 801 3963 vidimus,
814 3889 1002 3967 transpositos
1022 3909 1101 3963 esse,
1121 3898 1214 3946 umen
1229 3882 1298 3941 illud

234 3988 399 4051 incredibile
414 4001 475 4062 est,
489 3989 519 4049 in
534 3987 635 4049 eodem
652 3988 774 4050 carmine
785 3987 823 4048 ita
839 3988 944 4049 laxatos
957 4009 1017 4051 esse
1029 4008 1124 4050 versus
1137 4027 1147 4057 ,
1162 3995 1193 4044 ut
1209 3982 1299 4044 modo
