2722 4762
208 335 262 414 xxij
598 333 659 392 DE
688 333 885 393 Tslsstrutt

209 485 266 545 que
284 461 362 523 adeo
379 461 617 538 emendatissimi,
634 474 667 522 nt
686 464 717 522 in
733 461 794 523 aliis
810 481 926 543 quoque
947 461 1133 544 scriptoribus
1154 463 1278 546 antiquis

209 563 323 624 lactum.
339 561 499 621 Editioncm
510 562 668 642 principem
688 559 764 642 1471
779 574 786 599 ¹
800 560 930 620 nondum
949 560 1096 642 quisquam
1110 563 1175 622 satis
1190 584 1276 624 accu-

208 674 266 723 rate
282 661 421 732 excussit3
433 661 466 719 lit
479 671 573 722 tamen
582 659 728 739 probabile·
735 682 748 736 ,’
755 662 893 722 Venetam
907 657 984 744 1475
999 680 1033 720 11
1044 681 1074 720 11
1087 681 1147 722 esse
1160 679 1278 743 expres-

209 781 283 836 sam,
300 761 414 843 quippe
425 782 489 842 qum
507 760 590 821 etiam
608 760 690 822 Statii
711 760 799 822 Sllvas
817 761 1032 842 complectitur,
1047 781 1115 840 quas
1136 759 1216 840 prior
1231 757 1278 819 illa

209 859 514 936 contumacitatem,
526 860 662 921 diuturna
672 853 881 941 comparatione
891 859 1035 933 instituta,
1045 857 1168 919 intellexi
1179 856 1277 918 ductas

208 982 269 1022 csse
284 963 425 1024 editiones
449 963 620 1049 Regiensem
640 960 732 1037 1481,
748 962 925 1022 Vicentinam
945 958 1040 1032 1481,
1057 958 1277 1040 Lipsiensems.

206 1086 230 1124 1.
247 1063 317 1137 sed,
333 1064 413 1123 aliam
423 1063 514 1137 aliter,
524 1062 800 1125 innonnullislocis
818 1073 967 1122 correctas.
978 1059 1138 1125 Praelerunt
1149 1080 1195 1122 cae
1211 1060 1276 1119 edi·

208 1163 301 1222 tiones
320 1161 487 1242 plerumque
503 1183 547 1222 eas
563 1163 719 1234 lectiones,
734 1184 801 1243 quas
822 1160 930 1223 olibrio
942 1161 1055 1237 scriptis
1068 1160 1122 1220 riri
1139 1159 1217 1220 docti
1227 1180 1276 1222 -11-

209 1265 371 1324 1111011001.
383 1264 633 1347 Neglectatamen,
642 1264 739 1345 nescio
750 1285 807 1345 quo
819 1261 888 1338 lato,
898 1284 913 1323 1
923 1261 1107 1343 sequentibus
1118 1260 1277 1323 editoribus

209 1372 253 1422 est
265 1362 327 1423 haec
338 1347 498 1423 editionum
512 1362 690 1443 antiquarum
707 1362 816 1438 classis,
826 1385 878 1424 uec
890 1362 1033 1444 inspecta,
1047 1361 1101 1420 nisi
1117 1361 1193 1420 sorte
1208 1360 1275 1418 11111-

208 1472 271 1521 reto
287 1481 358 1533 nna,
372 1460 496 1520 etaltera
514 1459 623 1519 Dousae
637 1459 719 1545 patri.
730 1460 867 1521 Obtinuit
881 1461 957 1522 enim
972 1460 1159 1543 principatum
1172 1459 1275 1527 altera,

208 1559 262 1619 etsi
278 1558 422 1632 deterior,
436 1558 539 1630 lectio,
556 1580 607 1635 per
623 1559 744 1619 Venetas
761 1571 791 1621 et
802 1558 919 1620 Aldinae
935 1570 1101 1642 propagata,
1116 1578 1198 1639 quarn
1208 1569 1277 1616 tan-

210 1657 273 1717 dem
285 1657 459 1738 deprehendi
472 1677 506 1715 ex
517 1656 646 1715 Romanu
657 1664 792 1720 manasse·
806 1660 878 1720 Haec
891 1657 979 1742 igitur
990 1658 1119 1724 Romanu
1131 1656 1209 1737 quasi
1221 1677 1276 1736 pro

207 1754 297 1813 011110
313 1754 442 1834 principe
459 1751 600 1828 habenda,
614 1752 697 1814 1111011
715 1767 744 1815 11
764 1755 824 1836 ipsa
845 1755 919 1816 haud
942 1755 1025 1815 dubie
1042 1775 1075 1815 ex
1093 1752 1208 1824 codice,
1223 1752 1275 1811 sed

207 1850 300 1912 minus
315 1851 480 1927 emendato,
496 1851 650 1936 diiigenter
664 1854 732 1915 olim
747 1875 819 1915 ame
829 1875 960 1926 excussa,
978 1853 1083 1936 prodiit
1101 1848 1276 1929 1475,11111

207 1951 288 2032 jectis
305 1951 430 2034 Cyllenii
445 1952 752 2033 commentariis,quos
765 1953 814 2013 ille
833 1953 868 2013 ad
883 1953 1010 2015 codicem
1032 1973 1116 2013 suum
1138 1952 1275 2028 scriptum

207 2049 398 2112 adornaverat.
417 2052 461 2111 Ex
474 2051 525 2112 hac
542 2049 670 2111 certatim
686 2063 824 2132 expresses
840 2064 908 2112 sunt
922 2053 1083 2114 Brixienses
1101 2048 1195 2125 1486,
1213 2051 1274 2109 Ve-

208 2159 283 2208 01111
309 2143 402 2230 1487,
424 2146 521 2230 1491,
541 2144 730 2231 1493,1500
750 2147 891 2225 111510,
911 2152 959 2213 sed
976 2151 1080 2229 passim
1101 2173 1132 2210 10
1152 2149 1227 2210 varie
1242 2172 1275 2210 ex

210 2244 332 2328 Cyllenii
349 2246 558 2306 commentariis
574 2247 650 2308 sorte
667 2260 696 2308 et
709 2247 771 2309 aliis
781 2249 845 2310 11111.
857 2250 1054 2331 interpolatae,
1069 2247 1170 2330 quibus
1187 2248 1274 2319 alius,

209 2359 241 2407 ut
254 2346 324 2421 dixi,
337 2345 425 2408 codex
437 2367 490 2428 pro
502 2344 590 2406 londo
603 2344 666 2408 suit·
680 2351 847 2410 Successore
859 2350 902 2410 his
916 2348 1054 2411 'editiones
1068 2347 1198 2421 Aldinae,
1211 2371 1276 2428 quae

209 2448 296 2522 olim,
322 2470 408 2528 quum
425 2445 544 2507 Dresdae
560 2447 702 2522 viverem,
721 2447 756 2508 ad
770 2472 869 2509 manus
888 2471 947 2509 non
969 2461 1067 2523 erant,
1085 2471 1163 2509 nunc
1181 2461 1275 2507 autem

207 2544 307 2622 partim
324 2545 354 2603 in
367 2543 539 2605 bibliotheca
555 2543 691 2627 Georgia?
705 2545 862 2630 Augustae,
881 2548 981 2629 partim
992 2547 1119 2607 virorum
1135 2546 1212 2605 omui
1228 2547 1277 2603 in-

208 2642 285 2725 genii
305 2641 541 2723 humanitatisque
555 2642 634 2703 cultu
652 2644 844 2725 expolitorum
871 2657 899 2705 et
916 2644 1168 2717 amicissimorum,
1186 2643 1274 2702 Duvii

210 2751 239 2800 et
260 2739 425 2812 Brandesii,
451 2752 513 2798 tum
535 2737 741 2820 Kulenhampi,
765 2739 882 2823 collegae
902 2738 1127 2825 conjunctissimi
1148 2736 1276 2798 benevo-

209 2839 309 2915 lentia,
324 2839 394 2898 mihi
411 2850 479 2897 sunt
492 2838 594 2899 ohlatae
610 2861 642 2898 ac
657 2840 750 2900 missae
763 2863 769 2898 z
783 2852 866 2921 atque
883 2842 987 2900 horum
1005 2839 1118 2900 demum
1133 2835 1275 2917 exempla-

209 2937 287 2996 rium
301 2935 511 3013 comparatione
528 2936 558 2994 in
578 2937 716 2995 tramitem
733 2958 797 2995 enm
813 2937 950 2998 deductos
968 2959 1050 3008 sum,
1067 2957 1124 3017 quo
1144 2933 1273 2995 lectionis

209 3033 318 3095 Tibulli
335 3045 499 3117 propagatae
509 3034 627 3116 vestigia
644 3048 718 3095 certa
734 3034 984 3112 deprehenderem.
1001 3039 1074 3096 Num
1089 3037 1119 3094 in
1129 3033 1275 3112 superiore

209 3133 374 3197 recensione
390 3132 581 3195 intellexeram
604 3133 753 3216 equidem,
772 3134 886 3197 dillerre
905 3138 981 3198 inter
1000 3159 1029 3196 se
1044 3135 1197 3213 plurimum
1209 3135 1273 3197 edi-

209 3235 302 3295 tiones
320 3232 515 3306 Colinaeanas,
533 3233 730 3316 Gryphianus,
748 3235 940 3309 Basileenses,
958 3250 986 3296 11
1003 3235 1140 3316 reliquus,
1158 3256 1211 3293 nee
1228 3245 1274 3293 ta-

210 3354 274 3393 men
290 3344 393 3393 certam
408 3332 561 3405 rationem,
578 3333 710 3414 adquam
726 3357 820 3394 earum
837 3335 1049 3412 discrepantiam
1063 3333 1214 3406 referrem,
1229 3354 1275 3392 re-

211 3433 303 3516 perire
326 3444 464 3510 poteram.
488 3430 687 3493 Brouhhusius
714 3433 809 3508 enim,
834 3434 885 3516 qui
908 3455 1037 3516 magnam
1064 3434 1167 3494 molem
1192 3432 1274 3494 variae

209 3531 339 3615 lectionis
355 3530 472 3604 habuit,
489 3531 523 3591 de
538 3530 709 3592 editionibus
725 3545 754 3594 et
766 3555 860 3594 earum
876 3536 1040 3595 auctoritate
1055 3557 1152 3616 parum
1164 3533 1275 3596 labora-

209 3646 296 3696 11111.
312 3634 400 3692 Nunc
419 3631 507 3714 igitur
531 3630 674 3704 intellexi,
697 3624 833 3692 Aldinum
851 3635 973 3715 primum
993 3655 1017 3692 1.
1041 3633 1136 3708 1501,
1153 3635 1275 3695 Venetas

212 3732 298 3792 modo
317 3731 402 3791 dictas
418 3729 604 3807 expressisse,
624 3752 676 3791 nec
694 3744 786 3793 1101111
804 3755 902 3808 unam,
915 3733 964 3793 sed
985 3745 1115 3794 correcto
1127 3733 1194 3792 hinc
1209 3731 1275 3789 inde

211 3841 363 3903 contextu,
379 3828 479 3910 partim
491 3850 525 3888 ex
542 3828 710 3911 comparatis
724 3829 798 3892 inter
809 3852 839 3891 se
855 3829 982 3911 pluribus
993 3831 1076 3913 hujus
1088 3830 1197 3914 generis
1208 3828 1274 3890 edi0

242 4026 251 4055 ¹
269 4021 308 4074 De
323 4020 369 4074 hac
381 4022 490 4075 editione
503 4021 561 4074 vide
573 4021 638 4074 infra
651 4041 706 4092 quae
719 4022 864 4075 llnschhius
877 4022 980 4088 dixerit,
996 4036 1019 4075 et
1031 4022 1120 4094 pariter
1135 4020 1164 4071 111
1178 4039 1207 4071 11
1219 4039 1274 4089 quse.

209 4107 320 4176 ejusdem
334 4109 393 4159 anni
409 4121 443 4159 est
456 4128 461 4160 :
476 4107 561 4159 ambas
575 4107 728 4161 conlhndere
741 4107 840 4160 videtur
853 4108 975 4176 llsynius.
