2828 4762
238 331 275 414 cij
455 321 745 387 nuncianum
767 314 1086 387 rennuenti.

171 448 177 465 ’
238 461 299 523 niis
312 456 450 542 indulget·
467 452 557 532 Quod
571 457 611 518 ad
622 470 734 537 tempus
749 458 866 531 attinet,
881 455 986 534 opinor
1001 457 1075 518 hanc
1091 455 1226 540 elegiam,
1245 472 1307 522 nou

238 561 300 626 nisi
310 571 377 644 pust
396 557 500 620 librum
514 558 631 619 tertium
648 558 792 643 integrum
808 569 903 618 naum
922 577 996 629 esee3
1015 558 1051 621 de
1066 557 1149 620 Delia
1161 559 1236 622 enim
1251 563 1308 644 jam

240 671 327 737 nupta
338 659 448 742 agitur,
465 670 496 718 et
509 670 554 719 est
564 656 662 733 ttetia,
677 657 708 719 ni
723 657 822 733 fallor,
836 657 1010 720 catenum
1020 660 1139 733 Neaera,
1156 659 1309 721 asiatica

237 760 361 839 reperire
380 769 433 820 est.
450 757 589 836 Suspicor
604 757 742 838 insuper,
760 757 844 840 primi
857 757 921 818 libri
937 757 1063 839 quintam
1075 771 1105 820 et
1117 771 1224 822 sextam
1234 759 1308 822 circa

240 859 318 921 idem
333 870 444 936 ternpus
459 857 636 939 conauiptaa
652 877 723 918 esse.

619 1065 825 1139 ELEGlA
854 1066 926 1138 lll.

279 1241 352 1304 Hac
367 1238 436 1300 mibi
451 1238 554 1301 ordine
567 1239 691 1300 secunda
705 1240 828 1303 videtum
844 1238 977 1301 Tibullus
993 1239 1043 1322 qui
1056 1237 1149 1301 Gallia
1159 1258 1306 1314 reversus,
1348 1236 1351 1243 ’

237 1361 332 1403 amore
347 1339 377 1400 in
388 1339 498 1400 Deliam
513 1339 643 1412 ardebat,
662 1338 848 1400 nibilominus
864 1338 1011 1400 Messalam
1026 1339 1061 1399 ad
1075 1337 1182 1400 bellum
1196 1351 1309 1400 secutu-

238 1461 286 1501 rus
298 1438 399 1521 eratin
410 1437 570 1520 AEgyptum
580 1480 589 1512 ,
600 1437 667 1497 licet
676 1439 818 1516 ingressus
830 1439 885 1498 iter
897 1437 1024 1500 offensus
1035 1441 1066 1498 in
1074 1450 1157 1520 portu
1166 1440 1251 1516 sigua
1261 1438 1308 1500 de·

240 1534 312 1596 derit
330 1553 389 1615 pes·
413 1532 499 1593 Nunc
514 1553 631 1593 omnem
644 1530 842 1613 peregrinandi
858 1554 968 1594 morem
984 1532 1155 1607 detestatur,
1173 1531 1309 1613 aureique

238 1633 336 1697 senili
348 1634 435 1698 rium
445 1631 588 1710 predicat.
600 1629 712 1692 Deinde
723 1631 759 1690 de
769 1641 866 1692 morte
878 1643 907 1693 et
922 1630 993 1693 locis
1004 1628 1103 1692 inieris
1115 1631 1236 1715 cogitat.
1248 1633 1308 1694 lle-

239 1737 282 1798 dit
294 1748 395 1798 autem·
406 1734 473 1795 inde
488 1733 523 1794 ad
537 1745 605 1796 rota
619 1754 672 1810 pro
690 1731 777 1793 salute
792 1743 823 1792 et
835 1731 930 1793 reditu
943 1731 977 1792 in
990 1731 1118 1810 patriam

523 1914 579 1978 't
618 1939 827 2014 ennom
856 1941 921 2014 rt.

279 2116 363 2175 Hanc
373 2112 449 2175 inter
462 2123 556 2195 poetae
569 2124 726 2194 postremas
736 2111 894 2175 habendam
904 2130 1022 2186 oensem
1037 2111 1112 2172 inter
1122 2132 1171 2175 eas
1180 2110 1306 2184 scilica,

240 2234 305 2295 qun
322 2225 390 2291 post
406 2211 580 2276 exstinctum
594 2212 625 2273 in
640 2212 750 2275 Deliam
770 2235 895 2275 amorem
916 2212 1029 2291 scriptu
1044 2224 1127 2280 sunu
1144 2210 1190 2271 ius
1202 2222 1234 2270 ut
1248 2209 1308 2270 lere

240 2311 344 2374 eodem
356 2323 487 2390 tempore
503 2310 635 2374 Tibullus
653 2311 684 2374 in
702 2313 861 2375 Marathum
877 2334 964 2396 pravo
982 2311 1122 2375 desiderio
1138 2321 1234 2389 raptus
1250 2307 1308 2381 sit,

242 2432 301 2493 quo
319 2409 464 2471 Cerintho
482 2421 512 2473 et
527 2409 659 2492 Sulpitiar
680 2411 801 2473 carmina
819 2409 1061 2482 subministravit,
1090 2409 1152 2486 ipse
1171 2429 1192 2468 a·
1208 2405 1309 2488 puettts

239 2508 349 2572 alienus
363 2508 457 2570 donec
468 2530 569 2570 rursus
581 2529 644 2570 eum
661 2510 790 2571 Nemesis
801 2509 907 2572 retibus
918 2510 977 2572 suis
990 2507 1173 2570 intricarerit
1190 2508 1311 2568 erunt

240 2620 315 2670 artes
331 2607 440 2690 quibus
450 2629 608 2699 puerorum
623 2610 732 2671 animus
749 2611 785 2672 ad
800 2609 968 2692 obsequium
984 2608 1079 2688 pellici
1091 2608 1194 2687 possit.
1208 2608 1309 2668 Partes

242 2707 373 2770 docentis
393 2706 451 2790 agit
472 2707 519 2768 bic
538 2705 672 2786 Priapus,
695 2720 726 2769 et
744 2711 894 2772 consultus
915 2709 1071 2788 respondet
1089 2721 1225 2790 tanquam
1239 2707 1310 2769 alter

184 2804 187 2809 ’
241 2807 359 2887 Apollo.
374 2806 480 2867 Incidit
494 2805 612 2868 fortasse
625 2809 685 2869 hac
702 2808 790 2891 elegia
802 2810 833 2869 in
843 2833 939 2872 araraosv
948 2812 987 2871 ll.
1004 2803 1038 2872 C.
1050 2807 1126 2897 232,
1141 2805 1216 2893 733,
1232 2804 1309 2890 7343

243 2906 360 2988 perinde
372 2927 404 2966 ac
419 2918 518 2970 octava
533 2918 564 2968 et
579 2928 657 2969 nona
669 2907 799 2989 ejusdem
809 2907 885 2970 libri.

635 3113 836 3186 ELEGlA
871 3115 911 3185 t.

284 3281 358 3342 Haec
377 3279 527 3349 secundam
544 3279 741 3361 subsequitur,
758 3294 864 3342 sextam
878 3305 948 3345 vero
967 3283 1110 3345 antecedit
1123 3307 1193 3368 quas
1212 3275 1312 3347 omnes¹

243 3376 376 3440 lubenter
384 3379 420 3439 ad
430 3400 535 3439 anncrm
547 3378 636 3440 Urbis
648 3401 707 3464 7²9
717 3380 763 3441 vel
775 3379 833 3464 730
846 3382 1009 3465 retulerim,
1026 3408 1114 3466 quum
1126 3387 1238 3447 Neaerm
1252 3406 1312 3445 suae

244 3481 299 3562 jam
315 3479 406 3540 Deliae
418 3480 536 3560 primam
546 3480 761 3558 appellationem
773 3492 857 3562 poeta
867 3482 1031 3545 reddiderit.
1050 3485 1130 3548 Delia
1145 3484 1194 3546 hic
1209 3497 1312 3567 praeter

243 3581 337 3642 virum
347 3579 518 3641 aliosadbuc
531 3593 687 3654 amatores,
703 3602 809 3663 eosque
818 3582 919 3645 divites
933 3584 1081 3646 admittere
1097 3585 1225 3658 videtur,
1241 3584 1313 3666 pris·

244 3678 301 3742 tini
316 3678 434 3758 pudoris
453 3680 550 3741 oblita.
571 3678 721 3754 Tibullus,
738 3682 787 3763 qui
802 3681 851 3743 illa
865 3706 895 3744 se
915 3703 1008 3744 carere
1022 3681 1102 3746 facile
1115 3705 1199 3761 posse
1214 3680 1312 3741 credi-

245 3782 342 3854 derat,
362 3802 440 3842 nunc
459 3781 562 3842 itenrm
579 3799 675 3841 amore
690 3781 736 3842 vel
752 3783 847 3860 potius
865 3783 997 3861 cupidine
1012 3786 1161 3855 incensus,
1181 3780 1313 3863 injuriam

245 3881 378 3959 puellare
393 3903 423 3942 se
439 3881 539 3943 lacum
553 3881 734 3964 deprecatum
750 3893 780 3944 et
796 3906 878 3966 quam
894 3884 966 3945 bene
981 3886 1017 3947 de
1029 3902 1079 3957 ea,
1108 3905 1195 3966 quum
1208 3882 1312 3943 morbo

245 3994 397 4065 angmtaret
414 3982 533 4044 meritus
547 3982 585 4042 sit
597 3973 820 4060 commemorat,
835 3984 957 4069 denique
972 3986 1062 4049 lenam
1074 3996 1232 4047 exsecratur
1247 4003 1312 4065 quae
1362 3998 1364 4002 ’

245 4085 361 4148 diuitem
376 4102 530 4151 amatorem
544 4090 586 4151 adt
593 4089 705 4152 Deliam
718 4090 879 4154 adduxerat.
