2828 4762
286 344 289 348 ’
332 341 619 403 ELEGIARUM
641 340 957 404 ARGUMENTA.
1154 343 1181 423 cj

104 502 200 550 nunc
218 472 376 569 leguntur
391 472 472 573 ipsae
490 470 616 568 elegia,
634 460 839 572 exponimus.
858 469 1082 548 Nihilominus
1106 499 1181 546 sen-

105 589 248 664 tentiam
266 605 416 661 nostram
435 588 477 660 de
493 586 578 660 serie
591 586 791 660 restituenda
804 585 973 676 addimus,
988 585 1183 686 ampliorem

107 698 285 779 debuere
302 703 569 805 disquisitionem
586 703 622 774 in
639 702 750 774 Vitam
767 699 962 798 relegantes,

335 1058 951 1165 LIBER'PRlMUS.

505 1271 793 1302 *-

429 1480 635 1557 annom
669 1443 876 1554 nurus
983 1571 985 1576 ,
1078 1535 1080 1541 ,

19 1734 22 1743 Ι
153 1655 334 1718 Crediderim
350 1656 421 1718 banc
434 1654 534 1718 ordine
551 1656 660 1717 tertiam
674 1676 752 1729 esse,
765 1666 795 1715 et
807 1666 877 1716 tunc
889 1655 1079 1738 conscriptam
1094 1680 1182 1738 quum

110 1752 275 1815 Tibulluse
292 1754 428 1837 Corcyra,
440 1753 487 1819 ubi
505 1766 713 1838 egrotaverat,
733 1755 854 1814 Romam
865 1753 971 1829 rediit,
995 1775 1072 1818 anno
1089 1759 1128 1816 U.
1144 1758 1180 1820 C.

109 1853 270 1914 secundum
291 1853 448 1913 Varronem
473 1873 541 1936 7²7·
564 1852 687 1912 Constat
703 1852 796 1913 verbis
811 1863 837 1911 te
859 1852 961 1913 bellare
985 1854 1063 1914 dccet
1083 1865 1179 1930 cerm,

110 1953 263 2024 Messala,
285 1954 409 2033 murique
430 1952 531 2012 ducem
547 1950 624 2029 bunc
642 1971 677 2011 eo
696 1961 825 2031 tempore
846 1950 937 2010 adhuc
953 1950 984 2009 in
1000 1953 1182 2029 expeditione

109 2046 296 2125 implicitumz
308 2048 388 2129 quod
400 2070 460 2110 non
471 2048 552 2109 lacile
562 2047 642 2108 aliter
656 2045 795 2124 explicare
805 2047 929 2124 poteris,
941 2068 1024 2130 quam
1037 2035 1183 2137 siAEgyp-

110 2150 214 2210 tiacam
225 2148 380 2233 intelligam
397 2149 516 2212 Gallicae
526 2149 603 2210 enim
612 2147 742 2210 interfuit
755 2149 816 2231 ipse
827 2147 959 2210 Tibullus
971 2172 978 2208 ε
992 2136 1047 2210 non
1063 2153 1124 2213 sine
1138 2176 1183 2213 me

111 2258 156 2308 cst
166 2248 323 2328 tidiponus
338 2251 439 2321 bonos,
452 2249 539 2334 (eleg.
553 2259 675 2333 v11,9.)
692 2248 842 2324 Quinadeo
853 2260 883 2309 et
893 2248 924 2307 in
935 2247 1095 2332 AEgyptum
1108 2252 1184 2312 Mes·

110 2346 181 2409 salae
191 2369 286 2409 comes
298 2347 479 2426 prolecturus
493 2361 666 2431 emposta,
685 2371 769 2430 quem
784 2349 921 2432 Corcyrae
934 2347 1052 2410 morbus
1067 2371 1184 2428 oppres-

111 2445 151 2508 sit
162 2490 171 2519 ,
182 2446 221 2506 ita
228 2458 278 2521 nt,
292 2447 338 2507 vix
349 2447 415 2508 inde
428 2470 579 2532 resurgens
590 2490 599 2520 ,
614 2447 724 2511 divitias
736 2469 804 2529 quas
812 2459 969 2526 speraverat
980 2446 1182 2524 detestaretur,

110 2546 170 2628 jam
183 2545 254 2607 nibil
262 2545 339 2608 aliud
347 2568 432 2633 agens
441 2569 523 2629 quam
535 2561 566 2608 ut
576 2545 698 2625 puellam
707 2546 841 2606 citissime
847 2545 981 2608 reviseret
992 2589 1002 2620 ,
1007 2546 1089 2625 jam,
1103 2548 1183 2608 modo

111 2668 186 2718 non,
201 2667 314 2726 possum
329 2657 473 2707 coutmtus
488 2649 580 2707 viuere
591 2667 697 2727 paron,
719 2669 747 2707 r.
763 2642 811 2705 25.
827 2647 915 2704 Hunc
931 2664 1044 2704 versum
1061 2655 1090 2704 et
1104 2667 1183 2722 prae-

112 2747 199 2825 cipue
214 2751 243 2809 τό
259 2749 338 2808 modo
352 2770 409 2808 noo
424 2748 462 2811 ita
478 2746 630 2829 intelligor
648 2745 736 2806 modo
752 2744 854 2806 accisas
871 2755 982 2821 patrum
997 2764 1067 2825 opes
1081 2764 1183 2827 augere

113 2846 251 2928 cupiens,
267 2867 344 2906 nunc
354 2868 440 2927 parvo
456 2856 610 2906 contentus
628 2867 706 2914 sum3
723 2866 740 2905 ο
754 2853 889 2927 quaestum
899 2853 944 2902 est
957 2844 1022 2902 ouri
1030 2845 1123 2924 potabo
1133 2866 1183 2924 pe—

112 2956 228 3027 reatque
238 2947 397 3023 smaragdi,
414 2944 588 3027 Quumfleat
596 2945 630 3005 oh
642 2953 753 3003 nostran
764 2943 822 3001 ullu
828 2941 923 3024 puella
933 2941 1054 3001 sias-Ut
1062 2942 1180 3024 opinor,

114 3045 251 3107 Tibullus
262 3065 278 3106 e
290 3045 383 3106 Gallia
390 3045 478 3106 redux
489 3043 598 3105 Deliam
610 3044 713 3104 Romae
726 3039 860 3118 deperiit,
877 3060 968 3102 annos
978 3049 1060 3099 natus
1072 3040 1183 3102 circiter
1253 3103 1254 3107 ,

113 3145 298 3221 octodecim,
313 3145 352 3206 ita
369 3157 402 3205 ut
421 3143 510 3221 prima
530 3141 686 3220 stipendia,
705 3152 845 3202 consueto
866 3159 947 3199 more
963 3141 1180 3212 Romanorum,

102 3230 240 3323 *septimo
254 3244 364 3306 decimo
378 3264 454 3304 anno
466 3240 610 3303 meruerit

486 3422 706 3500 ‚ELEGIA
737 3425 784 3497 ΙΙ.

162 3607 248 3667 lianc
265 3604 357 3666 cultro
374 3602 405 3662 in
418 3601 540 3662 minutas
555 3612 648 3679 partes
663 3599 873 3675 discerpserunt
887 3596 1077 3679 interpretes,
1095 3617 1183 3675 quum

110 3727 210 3775 tamen
228 3711 335 3797 optime
348 3708 553 3773 cohaereantab
566 3707 651 3768 initio
661 3706 695 3765 ad
709 3688 795 3768 linem
810 3726 899 3785 usque
909 3725 1006 3765 veram
1017 3720 1134 3773 omnes,
1149 3711 1183 3765 ut

111 3812 145 3873 in
161 3812 366 3876 commentario
384 3808 568 3872 ostendimus·
586 3808 675 3868 Poeta
690 3805 818 3886 queritur
833 3803 871 3864 ob
883 3803 974 3864 Deliae
990 3824 1049 3861 snae
1065 3800 1186 3860 clausam
1264 3856 1267 3862 .

111 3913 245 3996 januam,
255 3888 324 3969 ,mm
338 3907 458 3989 puellam
475 3906 640 3968 adhortatur
653 3915 686 3963 ut
699 3902 830 3963 maritum
846 3897 982 3978 decipiat;
1001 3894 1103 3956 deinde
1114 3916 1187 3980 sagae

113 4009 214 4077 laudat
229 4019 319 4081 artes,
337 4007 458 4090 denique
475 4028 573 4068 rursus
588 4015 681 4081 portae
692 4004 829 4064 obseratae
840 4020 962 4070 memor,
978 3995 1111 4057 exclamat
1120 4016 1188 4056 num

117 4111 242 4172 Veneni
256 4130 367 4187 magna
379 4110 484 4174 violavi
497 4108 615 4167 numina
629 4107 714 4168 uerbo
727 4128 737 4165 .·
751 4114 781 4166 et
795 4099 928 4163 adfinem
941 4118 1031 4180 usque
1045 4097 1192 4180 querimo-
