2828 4762
212 340 254 383 20
533 318 681 386 ALBII
715 320 941 388 TIBULLI

208 459 278 531 Nec
295 454 391 529 docet
405 455 471 528 hoc
489 483 619 545 omnes;
637 457 693 532 sed
710 485 795 558 quos
812 486 872 531 nec
888 459 1004 534 inertia
1022 461 1149 554 tardat,

256 573 326 646 Nec
344 588 431 645 vetat
446 571 586 646 obscura
602 601 732 667 surgere
750 590 847 647 nocte
866 573 973 648 timor.

208 690 262 761 En
278 715 338 782 ego
358 716 459 788 quum
478 688 622 763 tenebris
639 705 709 762 tota
727 715 827 782 vagor
842 689 957 763 anxius
974 691 1073 780 urhe,
1236 717 1268 768 25

241 870 280 922 23.
290 872 345 923 Nec
352 873 582 934 docethocomner,
591 871 640 921 sed
645 884 715 936 quos.
763 884 825 919 cum
832 875 859 920 et
869 867 1015 922 editionum
1024 871 1179 941 scripturam
1186 893 1269 928 serva·

208 948 288 1001 Unus
299 945 430 1000 Brouchh.
439 949 573 1014 sedqeas,
587 945 868 1033 probante‘mvimun
881 957 996 1002 attamen
1004 950 1102 1004 Statius
1109 963 1201 1005 contra
1207 953 1270 1006 niti·

206 1023 329 1095 Heynio:
340 1044 353 1068 «ι
368 1022 438 1075 Nam
450 1031 536 1074 metus
548 1005 670 1088 cadit⁸,”el
681 1006 715 1073 de
765 1033 820 1085 tur;
832 1025 867 1077 ait
879 1025 950 1078 enim
962 1046 990 1080 :a
1000 1038 1039 1081 est
1050 1029 1078 1083 iu
1089 1031 1220 1084 veteribus
1230 1031 1269 1085 li-

206 1103 237 1155 iis
252 1103 280 1154 in
294 1099 508 1154 antecedentibus
520 1110 615 1152 actum.
633 1120 647 1144 ν
659 1099 716 1152 Νο·
762 1099 832 1162 bris;
848 1107 953 1164 κιθὴλον
971 1112 1060 1156 tamen
1085 1105 1269 1176 existimatur,

206 1178 245 1231 bis
258 1176 380 1248 Heynius
392 1194 480 1228 errare
490 1175 609 1239 videtur,
620 1176 715 1245 quippe
765 1191 946 1232 commentum
955 1182 1027 1234 enim
1035 1202 1089 1236 esse
1103 1182 1272 1253 Aurispaecu-

206 1256 252 1324 qui
267 1274 321 1308 non
339 1253 499 1321 reputaverit
510 1251 665 1317 Tibullum,
680 1272 715 1305 vs.
764 1255 865 1324 jusdam
878 1256 980 1311 dicitur.
996 1282 1010 1305 ι»
1029 1261 1090 1314 Fuit
1102 1261 1144 1316 bic
1159 1265 1273 1335 Aurispa

209 1342 275 1399 17es
290 1332 336 1395 18,
355 1329 470 1398 primum
481 1328 513 1380 de
527 1329 641 1397 juvene,
657 1347 717 1380 mox
767 1335 808 1386 vir
819 1354 930 1390 mmm,
942 1336 1068 1392 doctrina
1083 1340 1137 1409 qui,
1152 1352 1182 1395 u,
1197 1353 1273 1397 nom

205 1415 238 1468 de
249 1414 352 1484 puella,
364 1413 478 1481 denique
492 1411 524 1464 de
538 1410 676 1480 juvenibus
689 1417 717 1460 et
767 1411 880 1464 Brouclc
893 1431 947 1465 non
961 1414 1075 1469 multum
1091 1418 1123 1471 ab
1136 1419 1211 1472 initio
1222 1439 1273 1474 sea-

205 1493 298 1563 puellis
307 1492 385 1545 simul
393 1489 558 1555 meminisse,
571 1507 643 1541 nunc
653 1504 716 1539 uero
764 1487 815 1541 culi
825 1490 909 1558 quinti
922 1489 1016 1546 decimi
1025 1493 1129 1561 floruit,
1139 1515 1219 1564 seque
1231 1517 1274 1550 va-

204 1572 237 1625 ad
250 1572 368 1624 virorum
383 1569 517 1623 audaciam
533 1568 651 1622 transire.
765 1567 810 1620 riis
827 1587 887 1637 erga
900 1569 992 1624 latinas
1009 1570 1099 1626 Musas
1110 1574 1210 1629 meritis
1223 1575 1271 1629 iu-

239 1653 278 1718 ²4·
300 1651 359 1704 Non
377 1648 450 1700 ludet
461 1665 568 1717 operam
584 1645 629 1716 qui
642 1645 716 1698 Pro·
764 1644 875 1713 signivit
888 1645 1015 1700 Attamen
1027 1647 1112 1701 Statio
1122 1650 1272 1704 etBrouck.

204 1726 321 1795 pertium
332 1723 472 1777 contulerit
485 1723 527 1777 lib.
539 1723 597 1787 Ill,
608 1721 647 1773 El.
659 1737 715 1783 xrv;
764 1720 882 1776 hocloco
896 1743 991 1793 parum
1005 1725 1067 1780 fidei
1078 1727 1166 1780 tribuo
1181 1746 1187 1781 :
1199 1747 1272 1798 pra-

204 1804 321 1874 itemque
332 1799 474 1865 Ovidium,
485 1802 619 1852 Amorum
632 1797 675 1850 lib.
686 1797 715 1863 l,
763 1800 853 1854 sertim
866 1821 949 1871 quum
964 1822 1068 1872 versus,
1083 1805 1116 1859 de
1125 1825 1177 1875 quo
1184 1826 1272 1861 sermo

206 1879 488 1950 Eleg.r1.Baoucxtt.
765 1889 818 1945 est,
832 1881 886 1949 jam
903 1882 930 1933 in
947 1881 1036 1937 codice
1054 1886 1211 1954 perantiquo
1222 1905 1272 1938 an-

240 1961 281 2012 25.
294 1960 386 2025 Euego
398 1967 447 2010 etc.
459 1954 572 2008 Veteres
584 1953 717 2007 editiones

206 2046 234 2089 et
245 2033 346 2090 codices
356 2033 414 2086 sere
427 2050 519 2085 omnes
531 2030 657 2083 exhibent
666 2029 716 2082 hoc

204 2111 334 2165 distichon
344 2112 394 2174 ;ita
401 2109 508 2179 quidem
523 2118 553 2162 ut
564 2108 717 2160 hexameter

205 2190 302 2258 ubique
315 2188 387 2241 idem
401 2195 534 2250 occurram
553 2194 717 2255 pentameter

207 2285 270 2319 vero
296 2275 368 2319 tanta
395 2264 495 2317 laboret
517 2263 663 2327 varietate,
687 2271 717 2314 ut

207 2364 287 2398 nemo
305 2344 415 2396 idoneus
427 2342 460 2395 sit
477 2340 509 2394 ad
525 2341 598 2394 litem
612 2339 717 2410 dijudi-

208 2423 328 2477 candam.
345 2421 398 2476 Sed
413 2431 554 2489 antequam
573 2420 716 2490 eligamus,

208 2504 284 2558 nobis
294 2499 453 2570 quibusdam
465 2497 609 2552 editoribus
619 2497 719 2550 advor-

207 2601 268 2636 sum
280 2600 317 2633 1re
327 2579 445 2641 videtur3
458 2578 498 2632 isti
511 2576 583 2630 enim
592 2576 653 2629 huic
660 2575 718 2628 loco

208 2659 293 2714 cultro
303 2656 439 2710 medentes
451 2655 554 2708 malunt
562 2665 646 2724 poette
652 2652 719 2705 nihil

208 2756 342 2808 superesse
350 2754 429 2805 quam
439 2732 535 2803 aliquid
544 2734 637 2803 spurii,
646 2751 719 2787 eum·

210 2837 263 2886 que
275 2826 346 2867 veste
361 2808 462 2866 exudnt
472 2833 501 2865 ac
515 2811 669 2876 denudant,
683 2830 717 2863 ne

209 2895 280 2947 forte
287 2890 415 2944 maculata
423 2888 534 2943 incedat.
547 2888 662 2958 Scaliger
670 2889 720 2957 pri·

765 1956 807 2024 glo
824 1956 925 2026 legatur
942 1959 1004 2011 anni
1019 1963 1096 2025 1425,
1115 1972 1142 2013 et
1158 1962 1271 2031 Aurispa

763 2032 873 2086 demum
891 2036 957 2088 circa
981 2037 1044 2103 1430
1066 2036 1182 2091 vixerit:
1203 2039 1270 2092 adde

766 2111 836 2179 quod
850 2112 920 2166 idem
933 2133 1023 2169 versus
1040 2115 1067 2167 in
1086 2116 1148 2169 Pall.
1162 2136 1220 2182 sex,
1241 2117 1270 2170 in

766 2187 868 2242 Comel.
879 2189 966 2244 Guetf.
980 2211 989 2243 ι
999 2229 1006 2256 ,
1018 2193 1047 2256 3,
1057 2191 1126 2258 4,ἰιι
1133 2192 1230 2245 Beroll.
1239 2215 1253 2245 a
1263 2235 1269 2256 ,

766 2264 796 2331 3,
810 2268 841 2331 4,
854 2264 968 2334 denique
981 2266 1008 2318 iu
1021 2265 1105 2319 Vossii
1119 2269 1269 2337 1,a,3,4,

764 2343 922 2396 inveniatur.
929 2344 1056 2397 Fatemur
1068 2357 1157 2399 tamen
1166 2347 1193 2399 in
1203 2365 1272 2401 non·

765 2417 843 2473 nullis
866 2418 994 2472 librorum
1014 2420 1102 2475 adesse
1126 2422 1272 2488 lacunam

766 2497 830 2566 quin
843 2496 910 2550 adeo
920 2496 948 2550 in
962 2497 1017 2552 aliis
1028 2501 1183 2570 scripturam
1199 2504 1273 2556 vario

767 2574 847 2628 modo
858 2576 991 2644 torqueri,
1003 2587 1033 2629 ut
1049 2596 1121 2631 nunc
1132 2583 1183 2646 r're,
1201 2599 1274 2634 nunc

766 2658 818 2704 r'sse
837 2651 950 2721 denique
967 2662 994 2705 et
1010 2666 1102 2707 esseet
1119 2660 1175 2721 apsa
1191 2676 1274 2727 repe-

768 2732 879 2784 riantur.
892 2732 1098 2800 Interpolatores
1113 2753 1217 2804 quoque
1235 2735 1275 2788 la-

769 2829 865 2864 cunam
881 2811 1006 2863 resarcire
1024 2811 1110 2864 conati
1129 2824 1205 2875 sunt;
1220 2833 1274 2883 quo

767 2888 876 2954 factum,
883 2899 913 2942 ut
923 2889 979 2941 loco
986 2891 1142 2958 pentametri
1151 2890 1274 2946 Muretus

210 2968 505 3038 musluitquidistichon
512 2967 626 3021 exsulare
634 2966 718 3035 jussit,
769 2976 796 3019 et
808 2966 907 3019 Statius
917 2967 945 3019 in
954 2966 1110 3035 quibusdam
1121 2967 1191 3022 libris
1200 2969 1274 3023 inve·

212 3068 291 3118 quem
300 3047 448 3100 mousecuti
462 3055 540 3109 sunt,
557 3043 719 3097 Bcouckhus.
768 3044 857 3098 nerint
868 3064 875 3098 ε
886 3067 899 3090 r
911 3044 1128 3099 Praesidionoctis
1134 3047 1218 3100 sentio
1226 3047 1274 3101 ad·

210 3125 333 3195 Vulpius,
345 3125 478 3197 Heynius,
488 3142 602 3192 quorum
611 3121 719 3176 ultimus
768 3139 822 3174 esse
836 3119 940 3173 deam.»
953 3121 985 3174 ln
995 3120 1136 3176 Wittiano
1145 3123 1225 3193 priori
1232 3124 1275 3178 ad·

211 3214 302 3256 tamen
316 3201 496 3254 hexametrum
510 3201 537 3253 in
552 3199 720 3254 Observatio·
768 3198 901 3252 est:«Non
908 3198 1202 3268 mihinoctequies,non
1209 3201 1274 3256 mibi

213 3279 290 3332 nibus
302 3278 434 3331 sincerum
446 3296 501 3329 esse
520 3287 602 3345 putat.
618 3276 718 3344 Certo,
770 3285 847 3329 nocte
857 3294 961 3345 sopor.»
969 3273 1023 3328 Sed
1031 3276 1113 3331 inhoc
1123 3279 1184 3332 etin
1192 3279 1274 3335 altero

213 3358 364 3410 hexameter
372 3357 392 3408 si
403 3355 496 3408 eadem
507 3355 631 3410 varietate
639 3358 721 3426 agita-
769 3353 870 3407 Wittii
881 3353 968 3407 codice
980 3372 1027 3423 pro
1037 3353 1139 3408 diversa
1148 3355 1276 3422 lectione,

214 3447 288 3489 retur
305 3454 356 3504 qua
371 3445 556 3502 pentameter,
570 3434 657 3489 nullus
669 3436 721 3488 du·
771 3432 798 3484 in
806 3431 923 3501 margine
931 3431 1083 3502 appinrerat
1089 3435 1278 3488 recentiorma·

213 3517 324 3580 bitaret,
349 3513 414 3582 quin
435 3513 570 3584 integrum
591 3514 720 3568 distichon
769 3530 941 3564 nussecma
958 3515 1103 3566 intenebris
1120 3524 1169 3567 etc.
1185 3516 1218 3567 ln
1229 3533 1277 3567 co-

214 3594 379 3661 eradendum
395 3605 476 3658 esset,
491 3593 536 3646 sed
547 3592 589 3647 ille
601 3594 649 3646 sibi
661 3594 721 3646 ubi·
769 3589 825 3642 dice
837 3590 912 3658 paris.
928 3588 1024 3657 legitur
1035 3587 1068 3642 ab
1082 3591 1176 3643 eadem
1194 3608 1276 3643 manu

214 3694 266 3745 que
275 3681 376 3727 constat
386 3710 393 3736 ,
403 3681 431 3723 ut
439 3671 583 3724 necessario
592 3670 722 3739 legitimus
770 3686 828 3739 quae
837 3666 955 3720 codicem
965 3667 1112 3738 descripsit,
1130 3668 1278 3737 adjectum:

216 3748 387 3806 declarandus
401 3749 441 3802 sit.
462 3747 527 3816 Quo
541 3746 627 3812 lacto,
641 3765 722 3799 nemo
772 3747 848 3800 «Ille
871 3746 935 3801 deus
956 3759 1034 3802 certa
1057 3746 1101 3800 dat
1118 3746 1182 3800 mihi
1203 3747 1278 3818 signa

215 3830 267 3882 erit
278 3829 342 3898 quin
356 3834 476 3896 agnoscat
488 3823 621 3876 Tibullum
633 3834 723 3893 penta-
771 3827 826 3881 riae.
835 3850 848 3872 a
858 3827 995 3881 Pontanus
1003 3827 1205 3895 denique,cujus
1215 3826 1278 3879 lihe-

217 3919 335 3979 metrum
346 3906 498 3959 herametro
508 3902 663 3957 submisisse.
675 3902 723 3956 Su·
773 3904 903 3957 ralitatem
922 3905 1055 3957 damnavit
1072 3904 1125 3972 ipse
1145 3903 1277 3957 Brouckh.

218 3995 304 4054 perest
316 3985 421 4052 itaque,
442 3992 471 4034 ut
492 3978 626 4032 videamus
642 3979 723 4048 qualis
772 3991 876 4050 poetam
885 3979 935 4033 alio
945 4000 1021 4035 versu
1030 3979 1150 4034 donavit:
1161 4002 1174 4026 «
1184 3976 1282 4050 Usque

218 4062 300 4116 luerit
317 4062 360 4115 ille
378 4080 473 4115 versus.
486 4058 631 4128 Antiquam
644 4057 722 4111 codi-
773 4077 863 4112 meum
870 4056 1155 4113 custosedlatushaeret
1163 4058 1254 4112 Amor.
1262 4080 1275 4104 υ
