2722 4762
201 353 258 416 lxiv
589 356 649 417 DE
671 350 867 417 TIBULLI

201 482 341 546 Beroaldi·
352 485 556 546 Annototr'onea
567 486 596 546 in
607 485 783 566 Propertium
795 505 805 541 .-
816 492 876 542 tum
889 501 939 559 per
953 478 1115 541 Domitium
1130 479 1263 542 Calderi-

199 602 269 640 num
281 603 288 639 :
302 592 361 641 tum
376 600 426 658 per
437 584 578 642 loannem
597 582 711 643 Cottam
727 581 932 640 Veronensem.
949 580 1020 638 Haec
1039 577 1133 639 omnia
1148 589 1216 639 sunt
1229 600 1264 640 ex

78 710 88 720 ·
198 677 398 755 exemplaribus
413 678 565 740 emendatis
581 677 691 739 domini
705 674 875 760 Hieronymi
891 672 1019 738 Avancii.

240 773 371 837 Praefatio
388 776 552 838 inscribitur
571 800 578 836 ε
599 777 834 837 Emendau'onum
851 774 1019 854 Hieronymi
1034 772 1262 836 Armcii‘Vem-

199 876 295 933 nensis
311 877 340 936 in
358 877 537 959 Lucretium,
554 879 585 936 in
601 876 743 938 Catullum
759 897 767 934 ι
784 877 814 934 in
830 873 969 951 Priapeias
985 895 993 931 a
1010 874 1041 931 in
1057 870 1139 932 Statii
1154 870 1262 954 Sylvas.

200 972 298 1034 Editio
314 976 445 1036 secunda.
462 979 573 1053 Nempe
588 975 677 1054 prima
689 975 789 1036 harum
801 973 1051 1046 emendationum,
1067 986 1143 1032 certe
1159 970 1189 1029 in
1204 971 1277 1030 Ca·-

200 1070 302 1131 tullum
321 1072 409 1134 editio
429 1074 572 1152 prodierat
588 1073 683 1136 Patavi
704 1095 769 1134 ann.
798 1070 902 1158 1494,
928 1083 1021 1132 curata
1042 1069 1078 1131 ab
1098 1068 1263 1152 Augustino

200 1174 319 1233 Morare
332 1173 538 1247 Olomucensi,
554 1174 605 1255 qui
618 1173 649 1233 in
662 1172 804 1251 prooemio
815 1171 890 1233 deiis
898 1168 1062 1232 itascribit:
1077 1172 1150 1232 Hcec
1161 1169 1264 1247 scripta

200 1272 335 1333 leonicus
348 1273 521 1346 Patauinum,
534 1274 657 1333 Jocodnr
670 1294 764 1333 corner
774 1273 914 1335 Juliorius
929 1273 1115 1344 Veronensis,
1132 1271 1265 1332 Aurelius

201 1372 407 1446 Ariminensis,
429 1371 591 1435 Caliurnius
607 1370 779 1445 Brixiensia,
797 1371 877 1430 nullo
892 1373 947 1432 non
965 1370 1047 1429 laude
1063 1368 1198 1448 majores,
1216 1390 1263 1429 se-

198 1470 263 1529 dulo
285 1472 459 1550 perlegerunt
479 1478 513 1530 oc
537 1472 606 1529 mire
624 1470 860 1530 commendarunt¹
882 1470 908 1528 E
926 1467 1070 1529 contrario
1088 1467 1215 1549 Scaliger
1229 1466 1268 1526 ad

200 1568 303 1629 Catuli.
320 1571 379 1629 x11
391 1613 399 1644 ,
421 1569 707 1643 r,lliarmcinitatem
721 1569 845 1631 Avantio
856 1566 1021 1646 exprobrat,
1040 1568 1089 1648 qui
1105 1588 1157 1644 pro
1173 1565 1265 1624 Mor-

144 1741 147 1755 !
200 1667 294 1724 metire
310 1666 399 1727 Asini
411 1665 541 1727 intulerit
554 1666 632 1726 Inter
646 1689 754 1728 eunom
771 1667 866 1731 Asini.
879 1667 920 1726 Et
934 1663 1125 1726 Santeniusiu
1141 1662 1264 1725 Collec-

198 1765 287 1826 taneir
304 1788 310 1823 :
331 1765 468 1828 drantius
485 1766 515 1826 in
530 1767 581 1826 hac
597 1766 722 1828 editione
738 1779 845 1827 textum
855 1766 1057 1827 Beroaldinum
1069 1766 1116 1826 hic
1128 1764 1186 1825 illic
1202 1766 1263 1823 im-

199 1864 315 1924 mutavit
328 1886 388 1925 non
400 1862 509 1942 semper
528 1870 592 1926 cum
610 1865 688 1927 bono
704 1865 821 1947 judicio.
837 1864 924 1924 Unde
939 1863 968 1923 iu
984 1867 1044 1946 ejus
1059 1861 1185 1924 editione
1201 1864 1263 1923 Be-

200 1959 315 2020 roaldus
334 1981 408 2038 saepe
433 1962 517 2022 verba
533 1962 672 2040 explicat,
698 1985 762 2044 quae
784 1961 815 2021 in
835 1972 914 2022 textu
936 1960 1038 2021 frustra
1053 1978 1172 2042 quaeras.
1189 1958 1263 2018 Vide

200 2060 318 2121 Collatt.
335 2063 369 2122 ad
386 2063 468 2145 Eleg.
485 2062 610 2124 ultimam
621 2063 773 2142 Propertii.

240 2159 286 2218 De
297 2159 413 2223 Tibullo
424 2163 568 2246 Heynius:
582 2189 596 2215 o
609 2162 702 2223 Etiam
715 2164 776 2224 haec
790 2163 878 2225 editio
895 2183 928 2223 ex
943 2160 1135 2239 superioribus
1146 2159 1264 2220 Venetis

200 2257 318 2334 repetita
330 2272 392 2334 est,
409 2261 547 2338 exemplar
560 2274 652 2321 tamen
662 2260 697 2322 ab
707 2262 831 2323 Avantio
846 2261 955 2322 mendis
967 2260 1179 2345 typographicis
1192 2281 1266 2337 pur-

202 2367 297 2452 gatum
317 2379 377 2418 esse
399 2358 516 2432 debuit,
536 2366 705 2441 antequam
723 2360 816 2438 operis
837 2360 1050 2443 typographicis
1071 2357 1266 2419 excudendum

202 2456 395 2517 traderetur.»
414 2458 495 2517 ldem
511 2469 603 2518 tamen
624 2458 659 2518 ad
676 2461 775 2520 venet.
790 2480 836 2519 au.
856 2458 950 2534 1520,
970 2459 1082 2542 insigne
1100 2468 1215 2520 mutatae
1234 2455 1266 2516 in

203 2568 321 2639 utraque
335 2557 460 2619 editione
475 2556 605 2619 lectionis
622 2560 778 2638 exemplum
795 2558 905 2640 profert
920 2581 953 2619 ex
969 2563 1001 2634 1,
1019 2577 1070 2633 lv,
1088 2557 1136 2632 34
1150 2561 1187 2617 ln
1201 2560 1267 2616 Ve-

206 2664 269 2713 neta
290 2652 389 2738 1487,
414 2667 444 2715 et
458 2655 639 2743 sequentibus
655 2677 721 2717 aun.
747 2655 906 2741 149‘1-93,
928 2668 987 2717 erat
1005 2657 1096 2718 adhuc
1117 2655 1221 2735 (sicut
1236 2654 1267 2714 in

206 2753 291 2813 llom.
306 2776 370 2814 ann.
391 2753 507 2835 1475),
528 2756 621 2816 turdos
640 2757 708 2815 dies.
724 2756 766 2815 At
779 2757 811 2815 iu
825 2756 890 2818 edd.
910 2756 986 2816 1500
1003 2767 1032 2815 et
1053 2753 1153 2829 1520„
1169 2756 1267 2814 stultos

206 2849 328 2930 legitur,
345 2851 419 2911 sicut
432 2851 462 2911 in
478 2853 682 2914 commentario
698 2853 829 2937 Cyllenii.
841 2857 940 2916 Recte.

246 2959 393 3019 Hactenus
410 2960 444 3020 de
458 2959 591 3021 Avantio.
603 2961 718 3021 Cottam
730 2963 807 3043 quod
822 2965 924 3023 attinet
939 2974 968 3022 et
977 2962 1152 3035 Domitium,
1165 2982 1265 3023 eorum

207 3056 416 3117 ¹ilnrrotationes
426 3058 618 3139 quaerentibus
635 3079 665 3118 se
682 3081 742 3119 uon
756 3060 869 3119 sistunt.
885 3059 1265 3135 NotaveratBroulhusiua,

206 3165 341 3214 monente
359 3154 516 3229 Santenio,
532 3156 592 3215 hrec
610 3178 617 3214 t
636 3183 650 3208 ιι
664 3157 750 3218 Cotta
763 3149 846 3235 periit
861 3181 905 3219 an.
924 3157 1014 3233 1511,
1029 3173 1077 3221 aut
1094 3159 1190 3236 1512,
1206 3161 1266 3239 ipae

207 3255 296 3313 :etatis
314 3251 361 3312 28.
384 3254 664 3315 Commentationum
685 3255 715 3315 io
732 3258 912 3334 Propertium
932 3278 1016 3318 nemo
1040 3259 1189 3333 meminit,
1207 3281 1268 3320 non

208 3354 367 3437 Gyraldus,
385 3376 446 3415 non
462 3354 587 3430 Jovius,
604 3375 665 3417 non
679 3355 843 3430 Panvinus,
860 3378 920 3418 uon
930 3357 1107 3433 Valerianus,
1125 3360 1286 3432 nonFra-„

208 3456 384 3517 castorius.»

249 3563 400 3623 Editiones
415 3584 461 3623 an.
483 3563 560 3626 1500
580 3578 608 3626 et
631 3566 731 3640 1520,
750 3589 848 3645 parum
864 3566 1042 3645 discrepant,
1062 3588 1115 3629 uec
1137 3589 1209 3647 opus
1228 3581 1270 3631 eat

209 3678 380 3749 postremam
394 3666 464 3725 hanc
482 3687 610 3727 seorsum
626 3689 779 3730 recensere.
797 3667 849 3727 Illa
864 3668 894 3728 iu
904 3669 959 3728 fine
972 3667 1055 3728 habet
1071 3691 1079 3727 z
1098 3669 1270 3750 impressum

212 3770 335 3827 Venetiis
350 3788 399 3845 per
411 3769 552 3828 loannem
568 3769 603 3828 de
616 3769 738 3831 'l'ridino
757 3770 792 3830 de
805 3770 910 3831 Cereto
926 3770 1179 3841 alias'Tacuinum,
1197 3771 1269 3829 ml).

211 3866 256 3926 die
269 3889 338 3929 vero
348 3883 405 3927 xix
417 3865 647 3949 maii.Regnante
661 3868 768 3953 inclyto
780 3870 909 3953 principe
922 3868 1086 3952 Augustino
1095 3865 1268 3939 Barbadico;

211 3965 272 4025 luec
286 3990 293 4023 :
309 3968 466 4029 Venetiisin
478 3968 584 4030 aedibus
595 3969 743 4031 Guilielmi
755 3972 788 4033 de
803 3975 964 4034 Fontancto
973 3966 1179 4032 Montisserrati
1191 3990 1269 4031 auno

209 4063 329 4126 Domini
340 4068 458 4132 MDXX
470 4067 515 4131 die
527 4068 660 4132 xntulii.
673 4069 787 4155 Inclyto
797 4071 948 4136 Leonardo
956 4074 1113 4135 Lauretano
1123 4068 1269 4149 Principe.
