2828 4762
216 300 260 363 cn
431 303 720 366 nnsornnun
743 301 1082 384 anonumum.

611 460 818 535 ELEGIA
852 463 896 539 x..

256 621 301 680 Ex
313 617 380 699 ipsis
391 617 501 700 Elegiae
511 618 604 679 verbis
614 616 706 700 liquet
716 630 829 700 poetam
841 618 903 680 baec
913 616 1075 695 scripsisse,
1087 637 1176 697 quum
1186 615 1285 678 milita-

217 732 279 780 tum
293 717 419 779 abiturus
429 730 504 780 emet
516 739 580 779 cum
596 717 732 790 Messala,
743 716 843 795 etjam
854 718 916 798 quis
922 713 1046 793 fhrsitun
1058 718 1146 776 losb's
1161 715 1285 774 Haesura
1301 795 1303 801 Ι
1397 790 1400 793 ¹

218 822 249 882 ἰιι
259 830 352 880 nostro
361 821 418 879 tela
426 821 499 898 gerit
508 820 604 878 latere.
611 819 651 877 Et
657 830 700 879 est
711 837 777 879 sane
786 818 926 896 expeditio
938 817 995 894 illa,
1002 817 1038 878 ad
1045 814 1286 901 quam‚negleetis

217 919 379 1002 praesagiis,
390 917 535 1000 profectus
544 929 718 990 eramenta,
729 917 962 999 quumCorcyrar
971 915 1287 1001 aegerrernansit3unde

173 1091 174 1095 Ἰ
220 1019 349 1102 sequitur
364 1002 432 1080 boe*
439 1039 552 1080 carmen
568 1039 644 1079 anno
667 1015 726 1100 726
741 1017 787 1079 vel
803 1017 914 1078 ineunti
934 1036 990 1100 7²7
1005 1015 1186 1078 tribuendum
1203 1037 1286 1089 esse,

217 1121 256 1180 ita
268 1133 302 1181 nt
315 1119 436 1201 reliquas
447 1118 561 1201 Elegias
577 1139 677 1180 omnes
689 1117 873 1201 praecesserit.
887 1117 1001 1179 Bellum
1015 1129 1175 1178 exsecratur
1186 1129 1287 1195 poeta,

218 1219 294 1305 pacis
307 1220 382 1281 bona
393 1218 506 1279 laudans
519 1218 607 1300 inque
622 1217 666 1278 bis
679 1217 782 1280 amoris
796 1218 885 1279 lusus.
900 1219 1009 1278 Utrum
1022 1217 1133 1279 Deliam
1147 1228 1216 1278 tunc
1231 1240 1290 1280 no-

219 1320 294 1383 verit
303 1339 394 1379 necne
403 1317 553 1391 Tibullus,
569 1338 670 1395 parum
685 1329 812 1392 constat,
830 1319 880 1399 qui
894 1339 953 1378 eam
970 1315 1088 1379 sortasse
1105 1339 1209 1400 paucos
1225 1329 1291 1379 ante

220 1421 375 1482 discessum
389 1417 449 1479 dies
466 1418 511 1480 vel
521 1438 632 1480 menses
647 1417 771 1495 primum
786 1417 858 1478 vidit
871 1429 900 1478 et
915 1417 1061 1482 adamavit.
1077 1418 1159 1480 Licet
1169 1418 1291 1501 puellam

220 1521 273 1583 bac
286 1519 375 1602 elegia
385 1517 499 1580 silentio
514 1517 702 1600 praeterierim
718 1518 813 1595 potuit
824 1516 869 1579 vel
884 1518 954 1579 clam
971 1541 1017 1593 se,
1031 1538 1129 1581 amore
1140 1530 1290 1593 nascente,

219 1618 252 1680 in
267 1617 342 1680 illam
359 1617 436 1700 rapi,
452 1617 490 1677 ita
505 1628 539 1678 nt
556 1619 611 1699 jam
623 1616 691 1678 belli
706 1617 825 1679 taedium
839 1639 904 1678 eum
922 1629 1043 1680 teneret.

228 1778 1286 1812 m

409 1927 644 2033 LIBER
688 1929 1114 2048 SECUNDUS.
1226 1941 1229 1949 ’

642 2122 879 2146 ...o——

542 2263 747 2338 ennom
780 2267 965 2340 PRIMA.
1036 2249 1040 2263 '

268 2440 368 2527 Elegia
387 2439 448 2500 baec
465 2438 565 2516 primae
582 2437 737 2520 superioris
753 2437 818 2499 libri
836 2437 1008 2522 subjicienda
1023 2450 1089 2511 eat,
1109 2440 1134 2499 si
1157 2439 1295 2521 temporis

227 2536 365 2600 rationem
381 2548 497 2619 spectas.
511 2536 638 2596 Messalae
652 2535 727 2596 enim
740 2535 774 2596 de
790 2535 880 2597 Gallis
890 2534 1009 2599 victoria
1023 2547 1195 2597 memoratur
1208 2559 1235 2597 v.
1246 2532 1297 2595 33.

229 2639 332 2719 Neque
348 2636 382 2696 de
398 2635 466 2696 Asia
477 2634 622 2709 meminit,
640 2634 707 2708 nbi,
721 2633 821 2698 absens
834 2636 968 2710 Messala,
983 2658 1011 2696 v.
1026 2633 1083 2711 31,
1098 2636 1189 2697 adbuc
1199 2633 1298 2720 agebat

183 2732 184 2735 ¹
207 2744 216 2806 ᾖ
229 2747 264 2797 ut
275 2734 405 2810 ridetur,
421 2734 551 2797 nondum
567 2733 704 2816 superatis
718 2733 860 2795 hostibus.
877 2734 960 2794 Licet
972 2734 1066 2796 dicere
1081 2735 1173 2814 possis
1188 2738 1297 2798 Messa-

230 2835 284 2896 lam
296 2856 357 2896 non
365 2846 431 2895 ante
445 2834 568 2895 reditum
578 2855 613 2894 ex
625 2834 695 2893 Asia
705 2832 847 2893 Gallicum
858 2832 1011 2894 celebrasse
1024 2833 1219 2911 triumphum,
1230 2855 1298 2894 sen-

230 2933 319 2994 tentia
335 2945 433 2994 nostra
450 2932 522 2993 nibil
537 2933 603 2992 inde
621 2932 716 2992 damni
730 2929 842 2993 referet.
859 2933 924 2992 Vox
942 2931 1019 2992 enim
1032 2935 1181 3015 triumphis
1197 2934 1232 2994 ad
1245 2934 1298 3011 ip*

232 3050 290 3094 sam
300 3030 447 3093 victoriam
459 3030 494 3090 de
505 3029 596 3091 Gallis
607 3041 776 3109 reportatam
786 3031 859 3090 trabi
870 3042 985 3111 potest,
997 3033 1122 3112 quamvis
1135 3033 1299 3096 solemnitas

231 3131 409 3209 triumphalis
421 3131 549 3191 nondum
561 3130 709 3193 subsecuta
720 3130 766 3190 sit.
779 3131 897 3190 Sacrum
906 3129 1059 3194 ambarvale
1070 3132 1212 3194 describit.
1224 3134 1297 3197 Ovi-

234 3228 297 3291 dius
308 3241 403 3290 totnm
415 3230 471 3291 boc
478 3243 676 3312 argumentum
687 3230 722 3290 ad
731 3230 896 3291 sementiras
910 3228 991 3291 serias
1001 3233 1156 3294 transtulit.
1174 3235 1254 3294 Fust.
1264 3237 1298 3311 1,

234 3350 263 3394 v.
273 3325 335 3391 658
349 3353 411 3412 sqq.
421 3329 471 3391 ubi
482 3330 508 3392 ei
522 3330 668 3392 Tibullum
680 3330 720 3391 ob
731 3330 831 3392 oculos
844 3330 930 3392 luisse
941 3332 1119 3394 manifestum
1129 3345 1181 3395 est.
1193 3337 1302 3396 Noster

235 3430 329 3510 primo
351 3431 418 3492 loco
433 3429 534 3491 indicit
552 3429 654 3491 festum
671 3429 766 3504 dem,
787 3443 849 3491 tum
864 3451 961 3508 preces
977 3432 1042 3492 iacit
1060 3434 1095 3495 ad
1110 3436 1208 3506 Deos,
1226 3458 1303 3497 com-

205 3585 211 3598 ,
237 3542 374 3592 memorat
389 3531 483 3612 epulas
495 3530 594 3603 festas,
609 3543 638 3590 et
650 3530 725 3591 inter
735 3542 802 3591 vota
816 3532 944 3593 Messalae
956 3533 1131 3597 mentionem
1142 3535 1208 3595 lacit
1218 3535 1303 3619 inge-

238 3631 329 3694 niose.
347 3630 418 3691 lnde
433 3632 468 3692 ad
483 3631 579 3692 laudes
596 3631 670 3693 ruris
686 3631 873 3694 convertitur.

630 3780 830 3882 innota
863 3810 913 3882 ιι.

280 3969 449 4049 Superiores
458 3989 572 4045 omnes,
589 3969 705 4030 tertium
713 3972 818 4034 librum
827 3973 988 4057 integrum,
999 3976 1057 4036 imo
1071 3987 1200 4058 quartum
1209 3977 1306 4057 scrip-

239 4069 308 4131 sisse
321 4069 470 4135 Tibullum
484 4071 614 4154 snspicor
624 4083 772 4154 antequam
787 4075 859 4136 hanc
870 4074 990 4159 elegiam
1001 4089 1115 4140 oneret
1125 4077 1161 4140 ad
1174 4079 1306 4143 Cerinthi
