2828 4762
340 333 626 396 nuncianum
656 332 973 398 annuunurs.
1137 336 1198 417 ,up
1309 351 1312 358 ⁴

470 516 471 519 ¹
505 490 713 614 ennete
744 492 812 565 IV.

166 612 497 730 Elegialtaeesomninm
507 615 631 727 *exponit
642 669 692 728 per
708 648 789 731 quod
799 608 908 731 lipollo
924 649 950 709 ei
967 614 1148 730 apparuerat,
1168 659 1199 708 et

127 745 162 806 de
175 746 287 808 Neserse
300 746 491 815 inconstantia
508 747 626 829 dataque
641 747 689 808 alii
705 748 768 812 viro
784 749 839 811 fide
851 759 1008 811 monuerat
1029 748 1086 809 llic
1102 747 1197 831 itaque
1298 768 1299 774 ¹

127 844 214 927 prima
224 845 350 928 suspicio
364 847 507 923 nascitur,
525 869 609 930 quam
619 848 749 926 inprima
762 848 852 932 elegia
863 851 917 932 jain
928 863 1038 910 auctam
1048 870 1110 911 esse
1119 849 1198 914 viti-

128 968 203 1019 musg
222 945 313 1040 prima
326 946 403 1042 enim
419 947 521 1009 ordine
536 947 696 1031 temporis,
718 949 790 1009 hanc
803 961 936 1030 sequatur
955 960 1081 1027 oportet.

493 1081 719 1204 ¹sunnin
753 1131 796 1202 v.

166 1286 259 1360 Mihi,
280 1287 453 1363 ntridetur,
469 1300 554 1366 poeta
567 1287 606 1349 nb
616 1288 720 1349 amoris
736 1286 836 1348 nimias
847 1287 1054 1350 sollicitudines
1070 1302 1198 1372 {egrota-

127 1388 182 1459 bat3
190 1388 320 1448 Neaeram
329 1388 406 1448 enim
412 1387 461 1448 alii
467 1387 559 1452 taven
567 1391 621 1472 jam
629 1388 740 1471 liquido
752 1400 930 1466 compertum
940 1387 1136 1464 eratTibullo,
1148 1389 1197 1472 qui

126 1476 183 1549 inc
194 1486 354 1549 infortunio
363 1488 480 1550 maxime
490 1510 658 1569 percussus,
671 1489 706 1549 ad
715 1487 822 1550 amicos
833 1487 949 1561 scribit,
960 1487 1010 1570 qui
1018 1489 1156 1551 Thermas
1168 1490 1200 1549 in

126 1587 240 1647 Etruria
250 1586 383 1648 adierant.
399 1590 485 1650 sara
496 1589 584 1674 elegia
598 1588 673 1650 inter
683 1587 754 1650 hanc
769 1601 797 1648 et
808 1587 986 1670 superiorem
998 1586 1197 1666 ponendaest:

127 1707 186 1748 non
196 1687 312 1769 quidem
323 1688 445 1771 qualiter
458 1706 519 1752 eam
531 1690 656 1755 editores
668 1687 978 1775 proferun'tsexaginta
987 1685 1115 1750 versibus
1128 1687 1200 1749 lon-

127 1808 211 1870 gam,
234 1788 285 1849 sed
298 1788 388 1873 qualis
406 1789 436 1850 in
452 1788 532 1860 libris
548 1788 682 1853 omnibus
704 1787 853 1862 occurrit,
876 1787 993 1874 triginta
1008 1788 1130 1848 dnobus.
1157 1790 1200 1861 lta

127 1887 202 1949 enirn
215 1900 299 1968 poeta
316 1889 448 1972 quihac,
464 1889 621 1954 valetudini
634 1887 792 1974 obnoxius,
807 1889 918 1972 jamjam
933 1887 1090 1951 moriturus
1108 1891 1198 1970 jacet,

127 2003 202 2053 sexta
218 1990 324 2071 (idest
333 1991 542 2067 antecedente)
558 1990 638 2053 dolet
655 1974 782 2065 tantum,
802 2011 895 2071 neque
913 2011 963 2072 spe
973 1989 1201 2052 adhucnmnino·

100 2099 114 2107 ”
128 2104 212 2154 earet.

504 2224 707 2357 EIJEGIli
743 2226 806 2298 Vl.

164 2380 239 2441 Vide
249 2404 315 2465 qnae
329 2382 364 2443 ad
375 2380 504 2464 quintam
522 2383 652 2444 diximus.
670 2383 790 2445 AEstuat
803 2383 900 2445 miseri
914 2384 1031 2445 amantis
1042 2384 1152 2444 animus
1166 2383 1197 2443 in

126 2503 225 2543 ornnes
245 2494 338 2560 partes
354 2482 522 2557 distractns3
547 2483 617 2545 vino
639 2483 771 2544 dolorem
791 2495 922 2544 excutere
942 2483 1045 2544 frustra
1067 2495 1195 2546 conatur.

128 2583 212 2641 Venti
225 2584 374 2641 temeraria
390 2593 497 2643 natm...
514 2583 672 2663 diripienda
686 2582 791 2643 serunt.

492 2739 702 2813 ELEVGIA
737 2740 827 2811 Vll.

164 2896 226 2958 Cur
241 2920 343 2961 novam
361 2888 560 2960 constituerim
580 2895 649 2957 e3a
667 2894 779 2957 duobus
798 2893 945 2967 versibus,
962 2892 1011 2975 qui
1032 2893 1063 2954 in
1080 2894 1195 2979 reliquis

126 2999 298 3061 editionibus
315 3011 401 3060 sextae
417 2998 515 3084 elegite
531 3017 677 3080 perperam
693 2994 878 3068 adtexuntur,
895 2992 926 3052 in
944 2993 1021 3055 notis
1037 2993 1127 3056 insius
1142 3016 1197 3056 ex·-

126 3097 223 3180 plisui.
231 3099 320 3160 Poeta
331 3096 381 3180 qui
391 3097 476 3171 vino,
486 3096 537 3178 qui
546 3116 653 3156 secura
662 3116 769 3163 mensa
778 3093 882 3154 frustra
893 3093 1034 3170 confisus,
1046 3094 1119 3156 nihil
1129 3095 1197 3158 inde

125 3198 160 3258 ad
171 3199 325 3259 sanandum
335 3218 461 3259 amorem
472 3195 645 3279 proiecerat,
654 3195 770 3270 latetur,
780 3195 852 3256 male
865 3194 1003 3277 componi
1013 3195 1101 3256 risum
1110 3218 1196 3259 men-

127 3297 189 3360 daci
204 3319 266 3362 ore.
287 3295 484 3361 Nihilominus
499 3295 599 3357 henan
612 3296 699 3379 patris
717 3317 846 3369 mernor,
863 3295 955 3356 tristia
972 3294 1057 3359 verba
1071 3297 1196 3358 exsulare

126 3401 216 3482 jubet.
225 3402 312 3462 Tunc
318 3401 435 3482 juvenes
446 3409 547 3459 monet
557 3419 594 3461 ue
603 3381 705 3476 puellas
715 3396 847 3479 perjuriis
856 3417 918 3471 sese
925 3396 986 3476 capi
992 3396 1102 3472 sinant,
1113 3418 1197 3460 aesu-

128 3499 189 3562 bito
206 3499 242 3561 de
258 3498 346 3561 amica
360 3497 622 3574 commonefactus,
636 3497 697 3579 ejus
713 3496 856 3575 perfidiam
872 3497 952 3560 valde
962 3497 1078 3572 saucius
1094 3497 1196 3558 deflet:

128 3599 252 3683 denique
267 3621 393 3670 amorem
411 3620 511 3660 rursus
528 3596 606 3682 parvi
624 3597 750 3677 pendere
763 3596 884 3662 ridetur·
906 3597 1018 3677 Scripta
1032 3600 1094 3664 haec
1109 3598 1198 3684 elegia

127 3713 200 3763 tnnc
214 3722 304 3784 quum
319 3698 418 3772 Delia,
432 3698 480 3758 alii
496 3710 637 3780 nuptura,
655 3697 743 3775 ipsius
757 3697 854 3780 ignem
868 3698 1086 3773 contemnebat,
1105 3718 1197 3779 neque

127 3804 184 3886 jam
194 3802 325 3864 dolorem
332 3798 416 3860 amici
429 3798 550 3861 curabat.
564 3798 620 3859 Hic
631 3797 728 3860 videre
740 3810 799 3871 est,
811 3799 958 3891 quomodo
970 3810 1053 3880 poeta
1067 3797 1199 3879 paulatim

128 3901 292 3987 suspicione
305 3900 420 3973 anxins,
436 3921 503 3960 mox
518 3892 581 3960 mali
594 3888 729 3960 uiolentia
745 3897 776 3958 iu
791 3898 851 3960 dies
863 3910 1022 3975 crescente,
1039 3899 1152 3960 tandem
1169 3900 1199 3959 iu

128 3998 262 4067 morbum
271 3998 404 4064 inciderit
414 3998 493 4079 (ride
501 3999 617 4083 elegiam
628 3999 789 4081 quintam),
803 3999 906 4061 deiude
915 3999 1037 4060 relectus
1049 4000 1198 4077 paulatim,

125 4105 216 4171 ruodo
229 4105 353 4184 pristino
367 4101 469 4166 affeetu
482 4114 579 4184 raptus
592 4100 648 4178 sit,
662 4102 751 4163 modo
764 4100 876 4161 vulneri
888 4099 996 4164 mederi
1009 4087 1144 4180 cupiens,
1162 4124 1202 4163 eo
