2828 4762
300 316 619 385 nuncianum
640 317 739 385 mn.
768 319 799 383 1.
826 318 970 386 nuno.
988 319 1043 385 11.
1158 343 1201 408 29

145 459 191 531 Et
208 474 240 530 tc
259 456 339 530 dum
355 456 450 557 liceat
467 457 586 530 teneris
602 457 741 529 retinere
758 454 907 543 lacertiS,
1171 476 1203 546 75

196 570 311 646 Mollis
328 568 506 661 inlincultal
519 573 562 645 sit
573 561 809 652 iinihilsorimus
825 560 939 690 bulpuo.

148 688 242 784 Quid
258 680 533 789 Tyrio'recubare
551 706 625 761 toro
643 684 713 760 sine
729 714 838 760 amore
857 687 1000 761 secundo

197 805 356 892 Prodest,
376 833 477 905 quum
493 803 572 877 lletu
589 831 655 875 nox
668 801 831 896 vigilanda
849 804 963 876 veuit?

148 922 234 992 Nam
252 946 360 1020 neque
376 935 447 991 tum
464 916 600 1018 plumae,
617 943 678 990 uec
695 915 839 1010 stragula
855 917 943 1016 picta
959 944 1127 1016 soporem,

199 1037 268 1110 Nec
285 1033 414 1109 sonitus
431 1031 566 1136 placidae
583 1030 824 1131 ducerepossit
841 1058 942 1129 aquae.
1174 1055 1208 1106 so

148 1154 240 1226 Num
256 1153 392 1227 Veneris
407 1179 532 1246 maguae
548 1148 668 1222 violavi
682 1148 817 1222 numina
831 1147 953 1236 verbo,

200 1270 246 1342 Et
260 1298 331 1368 mea
345 1297 433 1342 nunc
449 1294 564 1369 poeuas
580 1264 679 1366 impia
696 1263 808 1358 lingua
825 1262 914 1335 luit?

152 1441 209 1491 xv,
227 1443 293 1477 vers.
309 1446 321 1492 7
337 1443 344 1476 ε
358 1444 371 1469 ι(
387 1421 449 1476 Sola
462 1421 529 1488 eris,
547 1430 574 1473 et
590 1421 658 1474 solos
704 1419 807 1488 reperio
822 1437 828 1471 :
841 1418 959 1471 assumsit
968 1436 1025 1471 eam
1040 1417 1211 1476 Pulmannus.

151 1501 278 1569 spectabis
290 1500 386 1572 Cyntia
398 1510 509 1553 montes.
521 1521 535 1544 ν
571 1549 575 1554 ,
707 1498 743 1551 Η.
751 1526 783 1536 -
794 1498 853 1550 Hoc
863 1498 962 1566 peperit
970 1496 1087 1549 conlusio
1096 1498 1212 1552 adverbii

189 1585 227 1647 75.
246 1581 284 1632 Et
294 1588 319 1632 te
335 1582 392 1631 dum
407 1588 456 1631 etc.
470 1579 506 1631 H.
521 1578 596 1630 Voss.
608 1595 660 1629 no·
705 1594 779 1642 quum
791 1586 818 1627 et
831 1594 886 1627 curn
898 1575 1102 1644 prepositionis,
1117 1594 1173 1643 qme
1185 1586 1213 1628 et

153 1674 216 1709 vam
227 1655 270 1710 bic
284 1655 374 1709 statuit
388 1654 545 1708 seutentiam
564 1653 658 1723 incipi,
706 1650 784 1704 hodie
798 1651 889 1705 iisdem
901 1652 992 1706 litteris
1005 1653 1101 1705 exarari
1110 1653 1210 1719 solent,

154 1753 266 1802 eamque
289 1753 320 1787 ex
338 1733 427 1785 animo
447 1731 595 1802 precantis:
610 1750 660 1800 qua
710 1748 766 1782 non
778 1731 833 1783 sine
848 1731 939 1783 crebra
955 1730 1097 1799 legentium
1110 1731 1213 1785 hestra-

142 1815 264 1883 ‘propter
271 1812 298 1864 in
307 1822 406 1865 textum
417 1812 519 1866 intulit:
531 1814 554 1864 0
565 1823 590 1864 te
601 1813 660 1863 dum
709 1807 787 1860 tione.
800 1808 946 1861 Bnoucxu.

154 1894 248 1942 teneris
270 1893 353 1943 lr'ceat.
377 1890 492 1942 Favente
517 1885 660 1940 Frenselio.
744 1904 783 1957 79.
791 1887 905 1953 Soporem
916 1889 1003 1939 ducere
1014 1896 1062 1940 etc.
1073 1886 1213 1940 Adducere

156 1966 283 2032 Librarii,
301 1968 337 2020 ait
354 1967 459 2020 illustris
482 1965 525 2018 ille
547 1965 607 2029 vir,
627 1965 661 2018 ob
708 1983 845 2032 somnum,
859 1966 1003 2020 conciliare.
1014 1967 1081 2019 Hor.
1092 1968 1134 2021 lib.
1148 1969 1215 2037 Epo·

156 2055 311 2115 corruptum
330 2049 359 2097 sr'
374 2044 508 2113 superiore
531 2041 660 2108 disticho,
710 2043 763 2097 don
788 2061 846 2110 xtv,
862 2064 896 2098 vs.
914 2046 980 2097 32«
997 2045 1093 2099 Pocula
1109 2045 1214 2100 letbseos

156 2121 373 2175 exclamationem
389 2123 413 2173 0
429 2121 455 2174 in
468 2131 493 2173 et
504 2121 663 2173 immutare·
710 2131 740 2175 ut
748 2121 769 2175 si
777 2121 899 2176 ducentia
906 2140 1019 2187 somnos,
1030 2123 1128 2176 Arente
1139 2120 1220 2177 lauce‘

155 2209 237 2266 runt,
258 2200 386 2268 juncturus
401 2198 502 2252 mederi
513 2197 646 2267 cupientes
654 2218 665 2261 3⁴
712 2200 870 2251 traxerim.»
882 2201 960 2253 Hanc
977 2201 1134 2254 locutionem
1151 2201 1216 2253 illu-

157 2277 205 2330 sed
220 2290 246 2333 et
254 2277 381 2346 superiori
396 2276 565 2346 sequentique
578 2276 663 2329 versui
710 2279 800 2331 stravit
811 2277 975 2342 Gronovius,
994 2279 1104 2333 Observ.
1114 2279 1158 2333 lib.
1172 2281 1213 2346 ll,

157 2353 330 2423 inest:itaque
339 2355 370 2407 ab
378 2354 664 2422 elegantioresermone
713 2373 767 2423 cap.
783 2374 803 2407 ι.
818 2355 890 2408 Vide
904 2357 982 2409 etiam
994 2357 1113 2410 Marcelli
1124 2357 1214 2410 Dona·

159 2429 293 2498 alienum,
317 2431 359 2485 hic
381 2450 485 2500 quoque
507 2431 664 2499 interpolari.
713 2430 732 2482 ti
742 2431 948 2486 Dilucidationes
959 2433 1085 2488 Livianus.

158 2509 311 2564 Huschkius
319 2510 441 2564 Vossium
450 2509 559 2576 refellit,
570 2511 663 2579 quippe
745 2513 784 2564 δι.
793 2514 858 2564 Num
876 2515 979 2565 Veneris
990 2533 1085 2580 magne
1096 2523 1144 2566 etc.
1154 2513 1216 2565 Hoc

160 2587 206 2655 qui
218 2587 432 2642 emendationem
444 2587 564 2641 inutilem
576 2588 665 2639 attule·
714 2588 865 2642 distichona
879 2590 1010 2659 scaligero
1021 2602 1047 2643 et
1059 2611 1073 2643 a
1086 2590 1216 2644 Brouckb.

161 2668 204 2720 rit.
216 2668 307 2737 Neque
319 2668 347 2722 in
359 2666 560 2721 omnibuslibris
571 2664 666 2734 legitur
714 2667 742 2719 in
756 2667 874 2735 quintam
893 2667 1011 2736 Elegiam
1032 2687 1093 2721 cum
1111 2668 1217 2736 reliquis

160 2756 198 2805 et,
209 2764 286 2798 versu
301 2745 386 2814 pbqui
397 2740 563 2812 subsequitur
574 2743 601 2795 in
612 2743 667 2810 qui·
715 2745 883 2811 sequentibus
899 2744 1042 2814 relegatum
1060 2746 1091 2798 ab
1111 2745 1219 2817 lleynio

160 2820 272 2876 busdam
279 2821 527 2886 occurritlectio,r'a
538 2823 623 2882 undu
639 2820 667 2871 in
715 2840 778 2873 vero
797 2821 829 2873 ab
844 2822 1056 2876 antecedentibus
1072 2824 1219 2893 sejungitur

164 2901 288 2956 Statianis
301 2922 380 2970 vero,
392 2904 420 2955 in
433 2900 563 2954 Vaticano
573 2918 669 2953 secun·
717 2917 765 2968 ope
773 2899 963 2966 asteriscorum,
972 2902 1043 2970 quasi
1051 2901 1141 2954 lacuna
1150 2921 1219 2971 quse·

163 2978 233 3033 doet
241 2980 268 3032 in
278 2979 332 3034 aliis
340 2980 436 3033 adsunt
443 2979 521 3032 verba
529 2981 668 3032 inocculta.
717 2975 776 3029 dam
788 2977 966 3031 intercidisset.
976 2979 1046 3032 Nihil
1062 2990 1150 3033 tamen
1161 2999 1220 3033 me-

164 3059 210 3113 sic
221 3077 327 3129 quoque
342 3058 454 3113 Ovidius
465 3057 493 3111 in
505 3059 571 3111 Arte
583 3076 670 3110 aman·
716 3055 765 3111 lius
778 3056 909 3125 procedit,
927 3076 1005 3125 quam
1026 3059 1104 3112 totius
1123 3058 1220 3127 Elegia

165 3137 207 3203 di,
228 3136 271 3190 tib.
286 3137 330 3202 ll,
350 3157 416 3191 vers.
437 3138 493 3202 sat.
504 3157 517 3181 α
535 3135 629 3189 Perfer
640 3135 669 3187 in
716 3153 813 3189 sensus.
836 3135 933 3201 Poeta,
948 3137 991 3204 qui
1009 3137 1088 3189 modo
1104 3136 1220 3190 ferreum

164 3214 303 3268 immunda
322 3234 420 3285 ponere
437 3232 532 3281 corpus
549 3212 639 3266 burno.
656 3235 669 3259 »
718 3211 1221 3285 illumvirumstultitiseincusabat,quod

167 3289 271 3345 Crebro
283 3292 351 3362 apud
368 3302 469 3345 veteres
480 3290 592 3343 iteratur
603 3306 671 3358 pre·
718 3290 810 3359 puelle
825 3291 922 3344 bellurn
943 3294 1148 3362 anteposuisset,
1165 3314 1220 3348 sese

167 3371 268 3439 positio.
719 3387 789 3423 nunc
798 3381 827 3424 ut
838 3369 920 3423 lidum
935 3382 1079 3425 amatorem
1090 3373 1220 3439 ostendit,

202 3469 240 3517 77.
256 3451 326 3515 Ouid
336 3450 411 3518 Tyrio
420 3457 469 3502 etc.
482 3445 571 3501 Editio
577 3456 671 3500 veneta
719 3459 746 3501 et
757 3450 842 3503 subito
855 3451 947 3504 clause
958 3451 1005 3505 sibi
1016 3463 1098 3521 portse
1108 3470 1220 3517 memor,

169 3523 672 3597 anni1475,quamBroucbbus.princi-
721 3527 863 3581 exclamat:
879 3550 892 3574 s
906 3530 978 3583 Num
990 3529 1102 3582 Veneris
1120 3547 1222 3599 magnae

168 3627 231 3677 pent
241 3618 330 3674 vocat,
343 3627 404 3661 cum
414 3606 546 3662 nonnullis
557 3607 627 3660 libris
638 3607 673 3659 ita
720 3604 811 3659 violavi
823 3607 933 3659 numina
944 3605 1043 3659 verbo?
1057 3629 1070 3653 ιο
1081 3607 1139 3658 Hoc
1150 3605 1221 3657 idem

170 3684 312 3755 distinguit
330 3707 345 3732 «
366 3685 440 3754 Quid
462 3686 531 3757 tyrio
549 3685 674 3738 recubare
721 3695 798 3738 estse
811 3684 832 3736 si
847 3684 964 3737 dixisset:
978 3683 1042 3736 nihil
1059 3692 1150 3736 contra
1167 3681 1223 3736 deae

170 3774 229 3817 toro
242 3765 298 3817 siue
313 3783 402 3817 amore
419 3762 534 3817 secundo
548 3759 673 3832 prodest?
722 3763 884 3816 voluntatem
892 3761 951 3828 feci,
961 3778 1046 3829 neque
1054 3756 1165 3828 puellam
1175 3758 1223 3812 dc·

171 3860 231 3911 tum
255 3841 319 3896 fletu
339 3860 392 3894 nox
415 3840 545 3911 vigilanda
562 3840 641 3893 venit
660 3859 674 3884 ν
722 3841 932 3910 reliqui3itaque
942 3839 1026 3890 verbis
1037 3846 1156 3901 tantum,
1169 3855 1224 3889 non

173 3916 676 3990 Quseinterpunctioanetiameistetin
722 3919 811 3985 lactis,
832 3920 965 3971 Venerem
984 3913 1077 3967 ledere
1097 3914 1176 3981 potui.
1191 3943 1224 3956 -

174 3996 287 4052 editione
299 4000 415 4070 principe
426 4038 433 4063 ,
443 4000 518 4069 signo
529 3999 676 4066 interroga-
724 3995 881 4049 Passeratius
896 3995 923 4046 in
943 4001 1030 4044 vetere
1047 3989 1113 4042 libro
1125 3990 1224 4045 invenit

174 4074 253 4129 tionis
263 4095 322 4131 raro
332 4079 475 4144 instructa,
493 4085 613 4130 notatum
622 4093 677 4128 non
723 4094 829 4144 magro,
840 4073 885 4127 sed
893 4068 1053 4124 Broucltbus.
1063 4068 1225 4125 demonstrat
