2722 4762
282 369 541 433 contentus
569 371 628 433 ET
654 370 982 434 EDITIONIBUS.
1107 371 1161 434 lrir

33 570 42 591 .
97 470 318 564 corruerem
338 521 436 562 manus
453 524 460 561 ι
479 501 599 562 sunm
617 503 678 562 rac
697 502 836 584 empus
848 501 936 563 etrus
953 495 1074 583 prmum
1088 500 1162 564 Aru

98 610 194 659 seeum
205 604 267 674 est,
284 621 347 682 qua
359 601 465 681 prodiit
481 599 569 663 1502.
585 599 716 663 Prrefatio
729 603 814 683 hujus
831 601 876 663 ed.
891 598 1070 662 inscribitur:

262 768 311 830 Ab
325 770 383 829 Ma·
398 770 456 829 tto.
474 767 587 828 hlariuo
604 766 733 830 Sannuto
750 769 873 828 Patricio

344 868 457 928 Veneto
473 865 623 943 Benedicti
638 864 721 927 Filio.
738 866 770 926 S.

141 1023 308 1085 Huschhius
322 1021 418 1105 pergit
434 1023 491 1083 hoc
507 1021 614 1083 modo:

104 1132 207 1190 «Hanc
214 1128 370 1191 editionem
376 1128 451 1203 vidi,
461 1129 637 1212 comparavi,
647 1128 767 1213 agnovi,
777 1151 837 1192 esse
847 1151 924 1204 eam,
936 1151 1078 1214 quamego
1086 1155 1164 1196 nunc

101 1229 265 1312 simpliciter
279 1230 323 1289 cd.
333 1230 400 1290 Vct.
413 1228 528 1302 rocavi,
544 1249 622 1290 nunc
636 1229 681 1290 ed.
694 1228 763 1291 Ald.
778 1251 823 1290 an.
840 1227 926 1290 1511.
940 1232 1091 1314 Perperam
1102 1234 1165 1294 sine

100 1327 198 1390 dubio.
214 1328 271 1388 Sed
279 1349 337 1409 quo
347 1328 533 1409 jurevocatur
544 1326 690 1388 Juntinn?
698 1328 799 1410 Longe
806 1327 949 1392 diversum
958 1329 1072 1391 titulum
1081 1331 1166 1393 habet

100 1426 237 1499 Juntina,
251 1425 338 1511 longe
347 1425 483 1487 diversam
492 1423 687 1505 prelationem
696 1435 726 1486 et
736 1425 992 1508 subscriptionem,
1006 1429 1085 1509 quod
1095 1430 1166 1490 infra

101 1520 350 1583 demonstrabitur.
359 1522 439 1608 Ergo
446 1519 519 1581 illud
531 1520 753 1595 Santeuisnum,
769 1542 847 1583 nunc
856 1521 1059 1597 Berolinensc,
1073 1546 1167 1586 erem·

101 1624 178 1702 phun
194 1636 239 1686 est
254 1623 410 1696 Aldinum,
427 1623 476 1683 sed
490 1622 696 1696 adulterinum,
713 1622 788 1683 sicut
801 1644 914 1697 meum,
930 1623 1034 1699 idest,
1050 1625 1167 1704 lugdu-

104 1744 204 1794 nense,
221 1722 301 1804 qnod
315 1722 345 1782 in
362 1721 440 1783 omni
454 1721 512 1782 iere
526 1720 651 1784 lectione
665 1720 810 1799 conspirat
820 1743 886 1784 cum
896 1722 1075 1799 Bardiliauo,
1088 1745 1166 1788 nunc

103 1822 266 1885 liberalitate
284 1823 337 1883 viri
356 1818 550 1883 humanissimi
572 1820 641 1881 item
662 1843 736 1883 meo.
758 1822 831 1884 llaec
850 1823 908 1883 duo
925 1824 1089 1905 exemplaria
1106 1846 1166 1887 non

105 1921 206 1983 eodem
219 1933 347 1999 ternpore
360 1920 495 2002 impressa
508 1930 576 1979 sunt
590 1919 735 2004 Lugduni.
747 1922 820 1983 Nam
833 1935 863 1984 et
874 1921 968 1984 charta
981 1923 1092 1985 videtur
1106 1947 1168 1988 csse

107 2018 228 2094 diversa,
244 2037 298 2077 nec
313 2036 424 2095 semper
440 2015 576 2078 convenit
591 2015 694 2091 lertio,
707 2041 734 2078 v·
747 2040 772 2079 c.
787 2019 819 2094 1,
838 2035 894 2091 ιιι,
911 2016 960 2101 37.
977 2021 1167 2082 Bardilianum

107 2118 190 2180 habet
199 2119 288 2181 sicuta
297 2116 480 2202 archetypum
491 2138 499 2176 :
510 2115 642 2180 vivebant
653 2138 722 2200 rege
733 2121 830 2198 pn'us,
846 2141 948 2202 quum
962 2143 1056 2183 meum
1067 2134 1168 2184 contra

103 2218 196 2298 prrirs,
213 2237 278 2297 qno.
293 2215 343 2277 Ab
358 2227 480 2297 utroque
495 2215 574 2276 abest
592 2211 706 2278 Arantii
724 2217 853 2295 Epistols
874 2231 942 2301 post
957 2218 1110 2282 Catullum.
1127 2224 1168 2282 Et

106 2317 171 2377 satis
186 2328 312 2392 constat,
327 2316 533 2399 Lugdunenses
547 2315 626 2380 brevi
641 2312 777 2394 temporis
792 2318 941 2382 intervallo
958 2319 1096 2382 editiones
1108 2320 1169 2381 At-

106 2417 183 2478 dinas
198 2416 320 2477 iterasse·
337 2416 500 2490 Renouurd,
521 2428 593 2478 tom.
608 2417 663 2492 11,
681 2439 710 2495 p.
729 2436 782 2499 17,
800 2428 829 2478 et
841 2440 870 2495 p.
892 2438 968 2501 197,
984 2441 1014 2477 n.
1028 2414 1056 2478 3.
1073 2419 1167 2481 Prima

31 2508 37 2532 '
106 2517 206 2578 eodem
220 2537 265 2575 an.
279 2514 355 2575 1502
367 2515 505 2593 prodiisse
518 2515 650 2585 rideturt
666 2537 731 2575 nam
748 2513 860 2575 libellus
871 2514 940 2574 Aldi
954 2517 1091 2592 Manutii,
1107 2541 1167 2600 quo

106 2625 247 2691 emptores
263 2613 298 2673 de
311 2614 369 2675 hoc
383 2612 538 2694 mangonio
553 2612 688 2674 certiores
704 2611 789 2687 lacit,
806 2610 898 2671 editus
914 2614 970 2693 jam
984 2625 1028 2673 est
1040 2613 1168 2676 Venetiis

109 2709 403 2770 xvlmartiiMMIl.
413 2708 458 2768 lbi
466 2709 541 2768 inter
551 2707 604 2768 alia
613 2709 674 2768 haec
685 2707 832 2792 leguntur:
844 2708 1025 2795 (Renouurd,
1043 2719 1113 2768 tom.
1123 2712 1168 2785 Il,

108 2830 139 2886 p.
156 2805 221 2868 208.
235 2812 276 2885 )«
291 2809 367 2869 Sunt
381 2811 436 2890 jam
452 2807 579 2885 impressi
598 2807 730 2886 Lugduni
744 2811 758 2885 (
772 2806 851 2887 quod
866 2804 1007 2882 scierim)
1024 2806 1170 2870 characte-

107 2907 186 2970 ribus
196 2909 345 2971 simillimis
356 2910 463 2971 nostris
477 2907 633 2994 :Vergilius
640 2952 650 2983 ,
657 2906 810 2982 Horatius,
822 2906 967 2968 ,luvenalis
978 2929 1042 2968 cum
1049 2909 1169 2986 Persio,

108 3007 258 3083 Martialis,
276 3011 416 3071 Lucanus.
429 3007 557 3069 Catullus
567 3029 631 3067 cum
642 3006 776 3080 Tibullo,
788 3019 818 3068 et
827 3006 988 3089 Propertio.
1007 3008 1168 3083 Terentius,

108 3108 140 3166 in
157 3106 256 3189 quibus
273 3108 405 3169 omnibus
420 3127 473 3169 nec
489 3119 533 3168 est
545 3106 723 3185 impresseris
740 3127 868 3181 nomen,
892 3128 946 3168 nec
966 3107 1046 3169 locus
1066 3106 1096 3168 in
1112 3129 1168 3189 quo

109 3208 237 3291 impressi
252 3253 261 3282 ,
276 3232 329 3272 nec
343 3222 474 3290 tempus,
492 3231 551 3290 quo
567 3208 689 3269 absoluti
704 3207 819 3270 luerint.
843 3210 878 3267 ln
895 3210 1001 3269 nostris
1016 3231 1084 3270 vero
1103 3232 1169 3270 om-

108 3304 192 3365 nibus
206 3306 248 3365 sic
259 3317 325 3366 est:
343 3305 470 3366 Venetiis
485 3305 516 3364 in
532 3303 639 3364 aedibus
655 3302 724 3362 Aldi
740 3306 797 3364 tto.
814 3303 865 3364 illo
880 3326 887 3361 :
904 3305 949 3364 vel
964 3305 1015 3367 illo
1032 3318 1170 3384 tempore.

108 3402 182 3463 Item
199 3401 277 3462 nulla
288 3402 319 3461 in
334 3401 389 3462 illis
406 3402 537 3463 visuntur
552 3399 680 3483 insignia.
698 3401 734 3458 Iu
750 3401 857 3460 nostris
878 3412 922 3460 est
941 3401 1101 3479 Delphinus
1117 3426 1171 3464 an-

108 3501 205 3561 chorae
227 3501 373 3563 involutus
391 3507 398 3559 ὲ
417 3512 450 3561 ut
467 3500 538 3560 inira
554 3500 619 3561 licet
640 3499 747 3562 ridere.
766 3501 905 3561 Praeterea
923 3499 1047 3561 deterior
1069 3501 1171 3563 inillis

107 3603 202 3663 charta
215 3624 222 3661 ι
234 3614 263 3663 ct
278 3605 371 3663 nescio
385 3603 454 3684 quid
463 3623 547 3681 μοι
563 3602 656 3674 olens,
674 3601 846 3662 characteres
860 3623 930 3664 vcro
946 3601 1107 3684 diligentius
1122 3601 1171 3661 in-

107 3703 201 3762 tuenti
217 3704 350 3781 sapiunt:
369 3707 424 3782 (ut
436 3705 479 3761 sic
492 3701 632 3775 diutim)
646 3698 824 3783 gallicitatem
841 3701 987 3782 quandam.
1002 3734 1043 3751 ·-·
1059 3701 1097 3759 ln
1107 3697 1172 3776 fine

112 3801 221 3862 Catulli
236 3822 298 3861 eam
316 3823 326 3860 .·
342 3822 403 3882 quta
419 3801 449 3861 irr
466 3821 526 3859 meo
544 3809 586 3858 est
602 3820 611 3855 .·
625 3798 772 3876 epistolam
793 3799 1042 3878 praetermiserunt.
1060 3825 1074 3850 s
1100 3799 1172 3861 llaec

109 3899 205 3961 omnia
220 3899 396 3962 conveniunt
409 3898 439 3957 in
453 3898 510 3959 duo
524 3897 570 3958 illa
583 3898 763 3975 exemplaria,
782 3898 971 3958 Rrrdilianum
986 3908 1014 3955 et
1028 3895 1173 3959 Santenia·

108 4023 178 4062 num
188 4000 246 4062 sive
253 4001 421 4061 meum-Sed
426 3999 602 4075 Delphinum
613 3999 746 4061 anchorae
756 3998 916 4060 involutum
924 4017 975 4057 nec
983 3998 1172 4063 Renouardus

110 4103 180 4167 vidit
193 4104 224 4163 iu
235 4103 389 4185 archetypo
402 4099 525 4176 Catulli,
544 4099 651 4164 Tibulli
667 4111 698 4162 et
713 4097 874 4177 Propertii,
893 4119 945 4160 nec
960 4121 1025 4183 ego.
1042 4103 1098 4165 llic
1114 4105 1172 4164 dun
