2722 4762
323 376 630 440 TESTIMONIA
659 379 719 440 ET
747 381 959 445 JUDlCIA.

273 508 369 561 Fratris
381 508 408 561 in
420 510 514 562 AEnese
526 509 562 561 sic
573 509 646 562 illum
658 511 746 565 funere
761 509 849 565 dicunt

307 600 444 674 Egressum
457 601 545 668 tectis,
558 602 662 675 pulcher
674 603 744 669 liile,
757 603 815 657 tuis.

274 693 328 744 Neo
337 693 422 746 minus
434 705 472 745 est
484 694 587 746 confusa
596 694 697 762 Venus,
710 696 836 749 moriente
849 695 969 762 Tibullo,
998 706 999 709 ’

308 784 394 853 Quam
406 783 493 854 juveni
506 784 573 857 rupit
583 805 662 856 quum
673 787 741 840 serus
755 788 852 862 inguen
865 807 932 861 aper.

275 874 310 926 At
321 874 389 927 sacri
396 887 479 941 vetes,
494 888 518 928 et
529 874 628 928 Dirum
638 895 699 929 eura
709 897 829 931 vocamur
840 897 847 930 ι

311 964 379 1018 Sunt
390 966 465 1018 etism
476 1003 484 1031 ,
496 968 543 1039 qui
555 987 602 1020 sos
615 987 713 1021 numen
725 968 818 1022 bebere
831 982 927 1043 putent.

281 1055 385 1109 Scilicet
395 1076 471 1110 omne
483 1078 583 1112 socrum
594 1077 662 1111 mors
674 1060 817 1132 importuna
828 1062 962 1133 profanat:

310 1149 437 1208 Omnibus
448 1150 569 1204 obscnrss
578 1149 662 1221 injicit
674 1151 719 1204 ills
732 1170 828 1205 manus.

278 1239 349 1309 Quid
362 1254 431 1313 pater
444 1242 567 1309 Ismario,
581 1241 646 1313 quiel
657 1256 736 1295 mater
747 1243 843 1316 profuit
854 1242 977 1319 Orpheo?

312 1329 431 1385 Cermine
445 1333 510 1403 quial
519 1332 597 1386 victas
610 1332 767 1407 obstupuisse
778 1332 862 1386 seres?

196 1456 203 1469 ·
279 1422 392 1475 AElioon
403 1424 431 1476 in
443 1423 514 1477 silvis
525 1423 594 1477 idem
608 1437 692 1498 pater,
707 1424 800 1478 AElino
826 1424 903 1493 ,altis

309 1514 413 1567 Dicitur
425 1516 505 1569 invita
518 1517 675 1571 concinuisse
685 1518 750 1590 lyra.

226 1638 229 1641 ·
281 1606 370 1676 Adjice
382 1606 545 1675 Maeoniden,
558 1626 651 1680 aquo,
665 1628 712 1661 ceu
722 1610 793 1660 sonte
806 1609 928 1683 perenni,

307 1695 402 1748 Vatum
414 1694 506 1749 Pieriis
517 1717 562 1749 ora
573 1698 687 1770 rigantur
696 1698 785 1770 squis;
797 1716 799 1719 ·

277 1786 353 1839 llunc
366 1806 467 1858 quoque
478 1806 577 1840 summa
587 1788 640 1841 dies
655 1788 730 1862 nigro
745 1788 880 1861 submersit
889 1792 1009 1856 Averno,

309 1876 457 1951 Diffugiunt
468 1877 556 1931 avidos
569 1879 682 1931 carmina
693 1878 747 1931 sola
758 1900 840 1952 rogos.

277 1967 360 2020 Durat
372 1989 435 2043 opus
446 1982 548 2034 vamm,
559 1970 666 2042 Trojsni
677 1970 744 2023 sama
757 1969 863 2038 laboris,
902 1961 903 1966 ¹

310 2058 443 2130 Terdaqne
455 2073 581 2114 nocturno
594 2061 644 2112 tela
657 2073 751 2113 retexta
761 2060 828 2114 dolo.
865 2104 868 2115 .

281 2146 324 2200 stc
342 2148 457 2202 Nemesis
468 2150 588 2223 longum,
600 2150 637 2204 sic
646 2151 721 2204 Delia
732 2171 829 2205 nomen
839 2150 979 2218 babebunt;

310 2238 412 2307 Altera,
426 2261 485 2294 eura
498 2260 603 2308 recens;
617 2232 708 2310 altera,
720 2243 817 2316 primus
829 2263 908 2296 amor.
965 2260 967 2267 ’

231 2331 234 2336 ’
279 2330 351 2400 Quid
364 2352 409 2385 vos
421 2352 489 2386 sacra
501 2333 612 2405 juvant?
625 2335 687 2405 quid
702 2355 771 2388 nuno
780 2335 906 2409 AEgyptis
918 2348 1022 2408 prosunt

311 2423 407 2476 Sistrs?
421 2425 484 2495 quid
496 2425 524 2477 in
535 2446 617 2479 vocuo
628 2425 771 2480 secubuisse
782 2424 857 2478 toro?

279 2511 366 2580 Quum
378 2498 476 2587 rapiant
487 2514 554 2567 mala
564 2517 616 2567 fata
625 2515 721 2581 bonos,
734 2515 857 2586 ignoscite
870 2518 947 2583 fasso,

311 2603 443 2658 Sollicitor
455 2605 539 2658 nullos
551 2625 603 2658 esse
617 2619 703 2678 putare
717 2605 794 2656 Deos.

280 2695 343 2749 Vive
357 2697 430 2770 pius;
445 2697 554 2750 moriere
567 2698 623 2772 pius
634 2715 640 2750 :
653 2696 706 2749 cole
718 2715 801 2761 sacrs;
814 2696 940 2748 colentem

312 2791 383 2842 Mors
397 2790 480 2863 gravis
493 2809 508 2841 a
520 2789 619 2861 templis
633 2790 661 2863 in
675 2809 735 2842 cavs
748 2787 821 2842 busta
834 2789 923 2841 trehet.

283 2878 444 2932 Carminibus
454 2878 554 2932 confide
565 2879 640 2935 bonis
651 2899 658 2933 ε
669 2879 736 2950 jacet
748 2900 805 2933 ecce
817 2879 942 2932 Tibullus.

310 2970 360 3024 Vix
373 2984 458 3024 manet
470 2991 483 3024 e
497 2984 566 3031 tanto
578 2992 655 3043 parra
663 2971 734 3042 quod
746 2989 811 3024 urna
822 2971 895 3043 capit

280 3060 363 3126 Tene,
378 3080 446 3114 sacer
460 3063 549 3129 Vates,
563 3062 672 3115 flammss
683 3080 787 3134 rapuere
801 3058 914 3133 rogales;

311 3151 457 3205 Pectoribus
468 3154 535 3225 pasci
547 3173 594 3206 nec
607 3153 710 3204 timuere
723 3150 791 3205 tuis?

280 3244 365 3295 Aures
375 3255 519 3298 sanctorum
531 3236 775 3318 potuissent'templa
785 3243 901 3296 Deorum

314 3333 406 3399 Urere,
421 3352 478 3402 quoe
488 3346 586 3385 tantum
599 3333 738 3387 sustinuere
750 3333 828 3384 nefas.

279 3424 377 3476 Avertit
390 3424 489 3492 vultus,
504 3423 593 3496 Erycis
605 3443 661 3494 qum
675 3422 785 3496 possidet
797 3442 871 3475 arces.

316 3516 382 3567 Sunt
396 3535 514 3586 quoque,
527 3515 572 3584 qui
585 3513 700 3567 lacrimas
714 3515 868 3567 continuisse
881 3528 983 3587 negent.

282 3606 335 3659 Sed
348 3619 434 3659 temen
446 3608 496 3660 hoc
508 3605 616 3673 melius,
630 3624 707 3674 quam
718 3605 741 3657 si
752 3605 869 3659 Pbaeacia
881 3605 954 3657 tellus

314 3700 433 3770 Ignotum
444 3697 490 3751 vili
500 3697 668 3771 supposuisset
680 3695 768 3749 humo.

280 3788 348 3841 ilinc
361 3801 427 3842 certe
439 3788 555 3842 madidos
566 3788 686 3860 fugientis
697 3789 782 3862 pressit
793 3788 886 3843 ocellos

315 3881 410 3945 Mareu
426 3894 450 3933 et
461 3881 487 3933 in
501 3881 597 3933 cineres
609 3880 698 3933 ultima
713 3882 780 3934 dona
792 3879 868 3935 tulit:

283 3972 351 4026 Hinc
361 3992 432 4025 soror
445 3972 472 4023 in
485 3984 580 4045 partem
591 3971 682 4024 misera
693 3992 751 4025 cum
765 3985 844 4025 matre
859 3970 952 4024 doloris

323 4064 414 4131 Venit,
429 4064 558 4117 inornatas
569 4063 689 4117 dilaniata
701 4084 794 4118 eomes.

286 4152 401 4225 Cumque
413 4155 462 4207 tuis
473 4172 517 4209 sus
529 4158 665 4229 junxerunt
674 4154 840 4225 Nemesisque
850 4151 966 4228 priorque
1023 4163 1026 4169 '

318 4245 413 4300 Oscula
425 4266 432 4302 ι
444 4242 496 4300 nee'
505 4245 572 4302 solos
587 4246 720 4302 destituere
730 4265 812 4320 rogos.

1118 383 1184 466 xciii
