2722 4762
273 351 537 418 CODICIBUS
566 355 626 416 ET
655 353 987 418 EDITIONlltth.
1109 356 1157 439 irij

254 534 331 608 Vll.
358 528 469 608 Edito
486 535 662 636 Regieosti,
684 565 735 610 an.
760 536 867 630 1481,
885 535 997 610 in-iol.

214 707 381 770 Tmuuos.
399 709 538 772 Catullus.
558 709 732 790 Propertius.

136 861 172 918 ln
191 858 248 918 fine
269 860 386 938 operis:

349 1019 489 1101 Propertii
501 1020 614 1122 Aurelii
627 1033 712 1083 nmste
722 1023 910 1105 poetoefinr's.

197 1159 388 1233 Clarissimott
404 1175 512 1240 poetali
530 1162 639 1225 Tibulli
655 1188 663 1226 ε
679 1165 784 1226 Catulli
797 1189 804 1225 ε

195 1259 224 1314 81
238 1260 389 1344 Propqtii:
406 1279 502 1344 peones
519 1263 666 1348 uitsoppa
682 1263 768 1348 Regii
786 1262 872 1341 lepidi

193 1357 371 1419 accuratissie
387 1375 505 1442 ippssa:
524 1359 687 1445 Auctoribp
702 1361 834 1445 Prosp90
853 1361 931 1421 odo-

191 1454 262 1515 ardo
278 1454 307 1512 u
322 1453 444 1516 Albeno
460 1455 555 1517 marsii
571 1455 723 1542 regiesibs:
742 1455 833 1518 Anno
944 1465 953 1497 Ψ

192 1553 239 1614 Sa.
261 1550 347 1627 1481.
367 1557 491 1636 19.1tu.
510 1569 588 1617 octo.
606 1557 645 1616 D.
661 1557 701 1615 Η.
718 1568 762 1616 est
775 1555 803 1616 d.
823 1556 893 1642 S9o.
907 1569 927 1615 ¹.

133 1703 205 1762 Haec
218 1701 307 1765 editio
319 1705 451 1784 princeps
466 1697 648 1764 habebaturs
665 1701 784 1764 Gerard.
801 1704 915 1762 Joanue
927 1702 1033 1764 Vossio
1046 1745 1056 1776 ‚
1071 1705 1161 1784 quiin

93 1798 260 1859 Aristarcho
281 1800 334 1871 ll,
351 1820 380 1874 p.
399 1795 481 1882 392,
502 1821 531 1856 ιι.
550 1822 568 1860 n
583 1841 592 1871 ,
615 1808 637 1856 t.
655 1799 705 1873 ll,
724 1821 753 1874 p.
773 1795 831 1880 87,
850 1798 895 1857 ed
907 1800 1028 1859 Amstel.
1046 1800 1160 1871 deloco

92 1899 271 1971 Catullinus,
288 1899 323 1971 1,
349 1894 448 1969 8-10,
469 1896 614 1973 disputans
633 1917 641 1956 s
659 1896 797 1968 Rectum,
816 1897 936 1978 inquit,
956 1910 999 1958 est
1019 1911 1161 1977 patrona,

93 2009 182 2078 prout
203 1997 304 2056 habent
321 1994 386 2055 edd.
409 2005 479 2057 vett.
497 1991 581 2054 etiam
601 1995 690 2074 prims
708 1996 855 2069 omnium,
879 2017 942 2077 quae
959 1997 1043 2080 Regii
1059 2000 1163 2076 Lepidi

92 2095 200 2175 prodiit
211 2116 286 2156 anuo
298 2092 581 2154 Mccccuxxxl.
593 2093 750 2167 Panzercu,
766 2105 789 2153 t.
801 2096 849 2168 11,
861 2117 890 2173 p.
902 2093 981 2180 392,
996 2119 1025 2156 n.
1042 2119 1077 2172 ι,
1091 2121 1160 2160 can-

93 2194 156 2255 dem
170 2205 302 2276 quanam
316 2192 386 2254 dicit
403 2213 437 2252 ex
452 2192 581 2266 Veneta,
602 2189 701 2275 1475,
718 2215 890 2274 cupressum.
906 2196 973 2257 Hoc
989 2216 1087 2258 verum
1104 2210 1158 2259 est.

91 2296 184 2357 ostrei
197 2296 274 2356 enim
289 2294 402 2356 taudem
415 2314 511 2354 sumus
522 2292 558 2352 ad
567 2291 743 2367 editionem,
756 2315 790 2354 ex
802 2295 887 2357 altera
896 2316 978 2377 psene
992 2298 1158 2361 adverbum

89 2417 264 2474 expressam,
277 2405 354 2456 certe
365 2392 395 2465 in
410 2392 547 2468 Tibullo,
567 2392 678 2456 diverso
694 2405 788 2455 tamen
806 2395 906 2456 ordine
918 2408 1015 2478 poetes
1026 2398 1091 2462 illos
1104 2404 1167 2460 ex-'

90 2496 234 2558 bibentem
246 2536 256 2570 ,
268 2507 298 2555 et
308 2493 390 2556 surii
401 2492 485 2557 Silvis
496 2493 668 2553 destitutam.
680 2492 773 2553 Habet
781 2495 932 2577 Regiensis
946 2539 955 2571 ,
970 2498 1044 2558 sicut
1053 2500 1158 2562 Venet.

88 2619 133 2658 m.
152 2596 251 2680 1475,
267 2597 337 2658 vitas
349 2595 436 2656 trium
448 2607 616 2672 poetarum,
631 2604 746 2654 auctore
759 2593 932 2656 Hieronimo
948 2596 1155 2671 Alexandriam

88 2696 120 2756 iu
137 2696 194 2754 tine
208 2694 316 2756 Tibulli
335 2693 479 2754 Summam
498 2692 628 2765 Vitae,e
650 2690 735 2752 codd.
753 2691 943 2773 descriptam,
959 2695 1153 2772 epitaphium:

93 2798 123 2858 Τ
119 2820 136 2857 e
150 2818 254 2878 quoque
272 2796 404 2872 Virgilio,
423 2805 478 2854 etc.
499 2790 628 2874 Elegism
644 2789 744 2852 Ovidii
765 2811 773 2848 ι
794 2789 950 2850 Memnona
966 2794 995 2851 εἰ
1008 2804 1150 2856 muter...

89 2911 155 2960 ante
171 2897 335 2971 Catullum,
352 2894 524 2954 Hertichurn
536 2890 658 2953 Gsrsrini
669 2889 842 2951 Veronensis
857 2891 989 2954 Oratoris
1001 2894 1158 2957 Clarissimi
1213 2885 1224 2909 '

90 2996 120 3057 in
135 2996 242 3057 beilum
259 2994 328 3071 (sic)
342 2992 448 3054 Valerii
463 2989 568 3052 Catulli
583 2992 644 3073 ejus
661 2989 787 3051 concivis
800 3010 807 3046 :
834 2989 885 3051 Ad
894 2993 1020 3071 poenum
1031 2998 1156 3056 uenio...

88 3109 118 3159 et
127 3094 250 3156 inomni
259 3092 401 3166 lectione,
413 3112 497 3172 quum
507 3089 617 3151 notavit
627 3087 790 3152 Huschiius
799 3089 991 3167 adVenetem,
999 3114 1045 3153 sn.
1059 3093 1153 3178 1475,

90 3217 157 3258 curu
172 3196 224 3256 hac
245 3193 399 3266 convenit,
423 3193 505 3253 etium
521 3191 553 3250 in
568 3190 663 3264 locis,
688 3187 789 3271 quibus
804 3190 834 3250 id
850 3212 969 3255 mouere
990 3194 1095 3257 oblitus
1111 3209 1156 3258 est

90 3295 228 3358 Heinsius
242 3294 277 3355 sd
294 3292 361 3353 Ald.
377 3312 422 3351 sn.
441 3288 536 3363 1515,
549 3312 577 3352 v.
593 3310 619 3349 c.
636 3311 755 3349 munero
771 3300 884 3363 nostru,
903 3315 931 3355 v.
948 3312 996 3354 no.

120 3497 130 3526 ¹
148 3492 194 3545 Sic
206 3503 315 3543 extrema
327 3487 380 3543 hee
392 3486 468 3539 verbu
479 3485 634 3558 descripsisse
646 3486 670 3538 J.
683 3485 842 3539 Klindoorth
854 3504 868 3538 e
881 3485 1007 3558 Cstrlogis
1018 3489 1046 3540 in
1059 3489 1152 3544 biblio.

88 3576 158 3630 thece
169 3572 334 3645 Gottingensi
345 3570 470 3645 repositis,
481 3583 604 3642 excerpts,
617 3568 801 3620 aistlnschkius
813 3567 946 3636 subjiciens
958 3587 964 3621 :
979 3593 992 3618 s
1006 3571 1055 3623 nisi
1063 3573 1152 3639 saltur,

89 3658 193 3712 eFerd.
212 3654 296 3707 Fossii
315 3652 394 3706 Cetei.
409 3651 489 3704 Codd.
510 3651 572 3706 Saee.
588 3648 655 3715 XV,
673 3649 869 3722 impressorum,
888 3663 946 3716 ece,
962 3663 979 3702 s.
998 3652 1024 3703 ΙΙ
1033 3692 1041 3718 ‚
1055 3674 1079 3723 p,
1095 3671 1150 3719 7⁰¹·

87 3744 228 3807 Psnzerus,
240 3755 257 3792 t.
268 3739 310 3805 II,
320 3760 344 3810 p.
354 3739 418 3809 392,
431 3756 457 3788 n.
465 3756 493 3797 s,
507 3735 582 3788 hebet
593 3752 600 3785 ε
613 3735 647 3786 D.
658 3733 691 3785 H.
700 3734 751 3786 Est.
760 3731 794 3784 D.
804 3736 830 3785 1.
842 3735 881 3786 Ab
891 3736 1003 3808 erempio
1015 3737 1154 3808 lipsiensi,

88 3848 138 3898 qno
152 3844 222 3878 nune
236 3835 307 3884 utor,
322 3819 390 3872 abest
401 3819 490 3871 ultime
506 3817 612 3891 plagula.
630 3816 670 3867 De
684 3815 780 3868 duobus
793 3817 893 3888 punctis
907 3819 985 3882 vide,
1007 3837 1063 3886 quse
1077 3838 1151 3891 supra

89 3912 176 3963 monui
187 3910 221 3961 sd
234 3928 261 3959 u.
276 3907 310 3958 ll.
321 3904 452 3975 Nusquem
472 3920 501 3953 es
514 3899 680 3953 animadverti
696 3899 723 3951 in
741 3899 787 3954 hae
804 3901 922 3954 editione.
941 3899 1040 3953 Titulus
1056 3917 1062 3952 :
1080 3901 1152 3956 Attii

88 3997 183 4051 'librili
200 3996 273 4112 †ccp
295 3992 319 4057 †
333 3990 373 4042 tto
387 3978 519 4055 {Poetae
535 3985 558 4051 †
575 3984 643 4051 cl†
662 3984 724 4038 iiber
742 3987 836 4060 primns
849 4008 868 4098 ur
879 3983 940 4057 sptis
953 3986 1049 4040 diuitiis
1064 4002 1088 4040 et
1101 3989 1151 4042 rni-

89 4122 143 4176 tisis
155 4119 234 4176 Delii
246 4131 314 4175 emet
333 4130 357 4170 et
370 4117 448 4172 oncri
461 4115 560 4170 seruiet.
572 4135 586 4162 s
606 4114 726 4170 Hoscttt.

941 4204 964 4263 d
