2828 4762
288 379 600 451 ELEGIARUM
630 385 733 452 LIB.
765 388 794 454 1.
829 388 978 458 ELEG.
1012 393 1063 457 ΙΙ.
1158 394 1202 458 25

143 521 261 617 Quum
276 519 374 607 libet,
390 522 458 596 haec
478 524 563 597 tristi
580 524 714 626 depellit
731 526 843 601 nubila
861 526 961 624 cael03

195 639 309 734 Quum
327 638 427 728 libet,
446 642 572 716 aestivas
590 661 749 717 convocat
764 671 819 720 ore
836 647 936 721 nives.

146 753 228 829 Sola
245 772 354 830 tenere
369 758 470 833 malas
486 760 611 834 Medea
627 760 748 835 dicitur
762 763 899 851 herbae,

198 869 275 944 Sola
290 873 377 947 ieros
395 876 525 949 Hecatae
541 875 766 976 perdomuisse
784 904 888 952 canes.
911 870 913 874 ’

146 1027 255 1079 numeri
261 1029 655 1099 mysteriiamultadieputatMa·
703 1030 897 1086 blestinatione
917 1031 1083 1086 librariorum
1101 1051 1132 1086 ex
1151 1038 1209 1088 orbe

146 1103 252 1156 crobius
268 1103 374 1158 Comm.
391 1107 419 1171 l,
439 1106 466 1159 in
484 1106 588 1159 somnio
599 1106 655 1160 sci-
703 1107 846 1162 excidisse:
869 1120 932 1161 tunc
947 1109 1007 1178 quia
1027 1128 1118 1179 parum
1142 1129 1210 1163 con-

112 1220 116 1225 <
147 1181 247 1249 pionis,
260 1200 313 1250 cap.
324 1188 376 1237 Set
390 1182 414 1234 6.
425 1183 458 1234 Β.
703 1196 809 1255 grueret
820 1206 881 1239 cum
894 1207 936 1239 ore
947 1186 1098 1254 epitheton,
1117 1187 1210 1257 plurali

183 1260 224 1311 52.
239 1261 319 1325 Quum
333 1261 408 1320 tibet,
421 1265 522 1311 artinas
535 1269 657 1312 convocat
703 1282 817 1316 numero
840 1275 867 1317 et
890 1276 983 1334 quarto
1002 1285 1061 1319 casu
1082 1266 1209 1335 scriptum

145 1356 190 1389 ore
202 1341 279 1388 nives.
296 1337 407 1390 Brouck
420 1355 525 1406 quoque
536 1335 573 1390 aie
592 1336 655 1405 legit
703 1358 766 1391 ease.
778 1340 820 1392 De
831 1339 871 1394 hia
878 1341 1061 1412 omnibusipee
1070 1342 1209 1410 decernas,

147 1415 301 1468 auctoritate
321 1426 439 1468 veterum
457 1415 582 1468 librorum
595 1415 654 1467 lre-
704 1415 850 1470 dummodo
869 1420 905 1472 H.
925 1419 1009 1472 Vossii
1031 1421 1212 1488 conjecturam

148 1502 207 1552 tue3
221 1490 262 1544 alii
282 1491 354 1553 libri,
374 1493 429 1562 pari
449 1493 506 1545 fere
525 1511 654 1552 numero,
704 1494 1212 1565 proculhaheaa.Mirorequidem,hunc

149 1567 274 1622 exhibent
284 1573 368 1619 astabo
378 1577 500 1622 convocat
509 1571 567 1621 orde
579 1574 655 1621 nabes.
704 1579 808 1623 tantum
831 1571 917 1624 virum
937 1572 982 1640 qui
1005 1592 1110 1642 semper
1133 1573 1212 1625 habet

151 1643 656 1717 Passeratiur‚Vulpius,Heynfluach.
705 1647 1211 1716 queminterpolationieincnaet,tamen

151 1732 180 1776 et
197 1722 276 1776 Bach.
297 1733 414 1777 nostram
434 1721 572 1776 lectionem
592 1720 656 1789 reji-
704 1723 758 1791 ipae
771 1741 803 1774 eo
816 1724 969 1778 temeritatis
984 1727 1100 1794 venisse,
1114 1738 1144 1780 ut
1155 1727 1213 1780 cul-

151 1800 234 1853 ciunt.
246 1803 320 1854 Voae.
332 1801 502 1870 aliaquadam
512 1798 656 1853 uausestad
705 1818 765 1868 pam
790 1798 942 1854 admitteret
963 1804 1108 1870 majorem,
1132 1822 1210 1872 quam

152 1879 288 1950 integrum
308 1899 412 1933 veroum
438 1878 635 1933 immutandum
650 1897 657 1941 ς
707 1885 899 1930 antecessorum
912 1877 1033 1930 omnium
1045 1877 1145 1932 delicta.

152 1976 217 2011 nam
235 1976 316 2026 quum
328 1958 440 2012 Brouck.
458 1956 491 2009 de
507 1957 615 2025 antiquo
628 1953 658 2007 ti·
740 1955 779 2007 53.
797 1956 859 2007 Sola
871 1964 953 2009 tenere
963 1961 1045 2009 arelas
1056 1959 1153 2010 Medea
1167 1961 1213 2011 di-

152 2036 204 2089 hro
213 2035 428 2101 meminerit‚cui
437 2033 588 2088 ioaunthod
599 2050 660 2084 rer-
708 2035 776 2084 cr'tur
785 2034 882 2084 terras.
895 2031 1013 2099 Quidam
1028 2032 1129 2087 codices
1141 2033 1215 2087 exhi-

153 2112 405 2181 baaestr'vofulma!
419 2117 477 2165 orbe
494 2116 572 2176 deos‚·
585 2110 659 2164 Voce.
707 2109 771 2163 hent
791 2118 873 2172 artes,
896 2109 967 2180 quod
988 2111 1099 2164 Brouck.
1122 2122 1214 2164 contra

154 2191 441 2245 declarathunclocum
450 2209 504 2244 ease
512 2190 659 2243 imitatione
709 2189 1215 2259 mentemomniumpoetarumeeaede-

154 2268 188 2320 ab
207 2266 305 2321 ovidio
315 2267 382 2321 sacta
399 2268 599 2322 restituendum.
615 2266 661 2320 Ait
708 2267 795 2321 clarat.
808 2268 883 2322 Idem
897 2289 911 2321 a
924 2269 1013 2341 lleyn.
1022 2270 1140 2338 rejicitur
1148 2288 1215 2340 pro-

155 2343 282 2410 Ovidius,
295 2345 356 2398 Am.
367 2345 410 2399 lib.
421 2345 450 2410 l,
464 2345 598 2414 Eleg.vtt1
608 2362 660 2409 ‚va
708 2359 768 2415 pter
777 2347 911 2417 epitheton
922 2352 1011 2401 malas.
1021 2349 1066 2402 Ait
1074 2349 1145 2402 enim
1157 2348 1216 2401 hen

157 2441 190 2476 ro
202 2441 209 2474 ε
222 2445 235 2469 a
250 2423 343 2492 Quum
355 2424 450 2488 voluit,
463 2442 530 2492 puro
540 2423 623 2491 fulget
631 2424 660 2475 in
709 2425 747 2477 bia
755 2444 810 2479 eoae
819 2427 903 2495 aptius
911 2446 990 2496 quam
1001 2429 1105 2481 artibus.
1115 2427 1167 2482 Sed
1176 2446 1215 2479 ar·
1234 2494 1238 2500 V

156 2501 221 2554 orbe
234 2501 307 2555 dieat
322 2524 335 2548 ¹·
346 2508 372 2557 τι·
379 2501 490 2569 sulm,
502 2502 524 2554 si
535 2501 662 2554 Voaaium
710 2511 748 2553 tes
760 2503 1010 2570 pariterinnumeris
1019 2505 1046 2557 in
1056 2505 1117 2558 locis
1125 2504 1215 2557 dieun-

155 2582 288 2649 aequaria‚
302 2581 426 2651 paulatim
442 2580 469 2632 in
477 2579 595 2647 fulgurat
609 2579 662 2630 im·
710 2590 755 2631 tur
765 2584 855 2643 malm
872 2580 930 2633 vide
950 2583 1063 2635 Martial.
1075 2582 1111 2649 V,
1124 2599 1215 2648 xum,

156 2670 303 2723 mutatum
319 2661 355 2712 ita
372 2658 482 2728 quidem
496 2670 526 2712 ut
542 2656 662 2711 librarius
710 2656 742 2721 fi,
762 2667 789 2708 et
801 2655 863 2708 alios
881 2675 888 2707 ε
906 2656 1000 2709 confer
1017 2659 1095 2710 etiam
1108 2658 1217 2710 Rohert.
1319 2706 1323 2721 ,

157 2738 230 2806 quia,
249 2737 412 2792 ovidianum
431 2736 559 2791 distichon
577 2735 661 2803 respi-
711 2733 878 2803 Stephanum
889 2734 968 2788 Thea.
977 2735 1038 2805 ling.
1047 2736 1089 2788 lat.
1102 2735 1145 2804 qui
1160 2735 1186 2787 h.
1201 2734 1218 2788 l.

156 2817 247 2884 ciens,
263 2819 290 2871 in
303 2817 400 2870 Tibulli
413 2826 513 2870 textum
528 2814 610 2882 sarlffet
620 2815 663 2866 in·
712 2814 795 2863 malas
806 2819 889 2872 artes,
900 2811 1011 2880 magicas
1022 2812 1217 2881 interpretatur.

159 2897 273 2962 vexerit3
294 2897 409 2966 aliusque
427 2894 509 2948 modo
528 2893 662 2957 librarius,
746 2889 785 2954 54.
796 2889 908 2940 Hecate.
920 2888 1032 2941 Broutk.
1046 2887 1170 2941 undecim
1180 2889 1217 2942 li-

159 2993 266 3028 vereum
282 2993 359 3028 eenau
369 2983 504 3027 carentem
522 2990 571 3040 ope
584 2989 663 3023 voca·
711 2964 778 3029 bris,
791 2964 885 3032 quibua
899 2964 997 3019 accedit
1015 2964 1071 3020 cod.
1084 2967 1159 3035 paris.
1172 2968 1220 3019 oh·

158 3054 214 3106 buli
220 3052 427 3122 fulguretmagia
434 3052 566 3121 magisque
578 3048 666 3102 delor-
712 3052 830 3106 secutus,
844 3043 960 3111 reposuit
974 3045 1091 3107 Hecate,
1112 3055 1141 3097 ut
1158 3045 1221 3099 sihi-

159 3127 392 3183 maricccterum
404 3137 478 3197 putat
492 3125 667 3195 Vomgenui-
712 3119 770 3173 lum
791 3121 927 3174 insuavem
946 3121 1084 3175 emolliret.
1110 3125 1219 3178 Vossius

160 3205 666 3275 „amlectionemmfiqtrerubinunc
714 3200 823 3251 Hecates
832 3199 1077 3268 revocavitpropter
1085 3200 1221 3255 insuavem

160 3291 234 3348 deos,
246 3282 667 3357 legendumeesedr'es.Sanenihil
714 3277 817 3331 sibilum
837 3277 892 3332 dec
910 3278 946 3331 illi
963 3278 1004 3331 vel
1026 3281 1139 3334 maxime
1156 3301 1221 3337 cou-

162 3368 308 3420 ςοῃωηῑω
327 3387 382 3421 03„
403 3376 503 3436 pomp,
527 3383 606 3432 quam
624 3363 667 3416 5112
715 3354 875 3410 venientem.
887 3357 1000 3410 Brouck.
1013 3358 1117 3412 accessit
1131 3359 1219 3428 Heyn.

163 3444 304 3499 doctissimi
322 3446 371 3498 viti
390 3445 548 3499 emendatio,
569 3443 611 3496 De
629 3443 668 3496 ni·
716 3434 770 3488 Sed
785 3434 851 3489 adeo
868 3436 1018 3490 inconstans
1029 3447 1068 3490 eat
1079 3437 1221 3490 latinorum

162 3523 236 3577 vibus
244 3523 309 3577 nihi!
317 3526 427 3579 omnino
435 3526 471 3578 Η,
483 3524 669 3591 Vossiussagis
716 3514 743 3567 in
753 3514 889 3568 flectendis
897 3515 1173 3581 hisnominibusratio‚
1184 3524 1223 3580 ut,

164 3601 308 3656 concedere
326 3603 397 3671 vult,
409 3623 443 3657 ne
456 3603 536 3657 nimia
546 3602 670 3655 fruantur
717 3594 762 3647 ubl
770 3595 871 3647 variant
879 3594 947 3660 libri,
956 3595 1018 3665 quid
1025 3593 1155 3663 scripserit
1165 3612 1222 3645 auc·

164 3681 299 3748 potentia;
320 3682 350 3735 ile
363 3691 452 3735 tamen
472 3691 590 3734 mortuos
605 3673 668 3733 evo·
718 3672 1029 3751 tordeliniriplertimque
1037 3682 1157 3741 nequeat.
1164 3671 1224 3724 Fre·

165 3757 242 3811 candi
250 3758 401 3813 facultatem
410 3758 538 3813 concedit.
547 3758 670 3811 Noacum
720 3753 842 3819 quentiua
861 3762 949 3807 tamen
968 3753 1063 3806 horum
1083 3750 1224 3803 nominum

166 3835 413 3898 Brouch.lacimua;
427 3835 491 3890 nihil
503 3836 574 3888 enim
587 3834 672 3886 obstat
720 3831 826 3899 genitivi
841 3841 868 3884 et
885 3831 1019 3885 accusativi
1037 3830 1116 3883 latina
1132 3831 1226 3883 termi-

167 3913 309 3981 quominue
325 3912 442 3967 dicamus
462 3917 562 3966 ostiens
581 3915 669 3973 πίνας
720 3910 826 3964 natione
842 3911 952 3981 exprimi
970 3909 1071 3973 solent,
1090 3907 1160 3976 quod
1180 3910 1223 3962 io·

167 3993 312 4060 presertim
330 4011 413 4062 quum
427 3990 541 4044 Martial.
559 3989 601 4042 lib.
617 3988 670 4054 Vl,
720 3991 837 4045 numeris
848 3990 971 4059 eremph's
979 3987 1112 4058 utriusque
1123 3990 1226 4059 generis

168 4068 323 4140 Epignmi,
336 4068 672 4137 hibemasrosnsscripaerit.
720 4072 876 4141 scriptorum
898 4068 1086 4122 demonstravit
1107 4069 1225 4123 Ouden-

170 4146 242 4203 Sunt
253 4159 340 4206 tamen
348 4149 517 4221 quidam‚qui
526 4152 674 4207 arserantro'
721 4149 795 4220 dorp.
814 4149 845 4204 ad
864 4147 1020 4217 Apuleium,
1035 4168 1091 4219 pag.
1112 4149 1226 4223 96...11.
