2722 4762
290 328 553 393 contentus
579 328 639 391 ET
663 327 990 391 EDITIONIBUS·
1106 325 1172 410 lxvii

110 463 219 526 bullum
230 463 287 535 IV,
304 481 339 535 r,
358 459 434 536 108,
449 461 498 522 ubi
516 460 568 521 tria
583 461 666 544 hujrrs
683 460 817 523 editionis
831 460 1017 545 exemplaria,
1035 480 1099 542 quse
1114 461 1176 540 ipse

106 566 261 646 possideo,
279 567 318 625 ita
333 562 487 636 differunt,
505 577 538 625 ut
555 585 664 638 unum,
680 563 755 623 baud
773 561 858 625 dubie
874 563 1075 647 archetypum,
1093 562 1175 623 exhi·

109 652 172 726 beat
187 688 196 723 t
209 665 300 728 Fortis
312 664 423 746 iapigiae
440 665 538 734 miles,
555 662 709 722 secundum
722 675 752 724 et
766 663 883 724 tertium
898 664 1021 744 iopigioe.
1036 663 1106 723 Mox
1121 683 1175 723 ac-

111 766 235 827 curatius
250 764 396 844 iuquirens
411 761 606 840 deprehendi,
622 761 684 823 haec
696 760 862 839 exemplaria
877 758 947 821 iocis
958 758 1107 836 permultis
1122 758 1179 820 dis·

112 885 224 940 crepare
240 883 298 923 non
310 861 403 922 solnm
418 859 448 919 in
461 859 598 931 Tibuiio,
614 858 760 919 sedetiam
777 858 807 917 in
826 857 939 918 Catullo
956 867 985 915 et
1001 856 1176 938 Propertio,

111 966 203 1028 redire
217 975 311 1024 autern
327 985 389 1024 rem
404 962 440 1022 ad
455 960 555 1022 menda
576 958 787 1043 typographica.
804 961 880 1020 Tum
900 957 1100 1032 animadverti,
1117 959 1176 1019 duo

110 1062 234 1126 etribus
247 1059 450 1140 exemplaribus
471 1057 541 1119 meis
558 1080 647 1121 meras
666 1081 727 1123 esse
742 1058 926 1136 repetitiones
942 1058 1061 1133 Aldini,
1079 1059 1109 1120 in
1125 1059 1178 1136 aiia

112 1161 225 1223 officina
237 1158 399 1232 fabricatas,
412 1157 487 1219 sicut
497 1156 588 1229 iilud,
600 1156 679 1238 quod
690 1156 720 1216 iu
731 1155 945 1218 Commentario
959 1157 994 1217 ad
1004 1156 1110 1218 librum
1120 1158 1181 1235 pri-

110 1284 189 1322 mum
200 1260 320 1321 subinde
330 1257 483 1319 memorari
498 1257 552 1320 sub
561 1257 647 1318 titulo
658 1257 714 1317 Ed.
729 1257 789 1317 Vct.
803 1258 865 1316 sine
873 1279 900 1316 u.
910 1265 939 1315 et
949 1259 969 1317 1.
981 1258 1102 1328 indicio,
1115 1280 1142 1319 v.
1153 1277 1179 1317 c.

109 1361 144 1422 ad
156 1362 194 1434 Ι,
209 1379 243 1432 v,
260 1358 334 1442 7-8,
351 1357 453 1421 deinde
466 1356 501 1418 ad
515 1358 565 1431 II,
580 1375 612 1432 t,
628 1353 728 1440 37-38
739 1401 749 1432 ,
760 1356 859 1420 vocari
875 1357 930 1416 Ed.
942 1356 1009 1416 ΑΜ.
1021 1379 1065 1416 an.
1081 1355 1179 1430 1511,

111 1460 193 1540 cnjus
210 1455 385 1518 mentionem
401 1456 564 1538 injecerunt
577 1457 671 1518 multi.
692 1458 781 1517 Nunc
798 1455 882 1517 etiam
900 1455 981 1529 scio,
1002 1454 1110 1516 Aidum
1125 1458 1180 1538 jam

112 1555 205 1632 ipsum
222 1555 257 1615 de
273 1555 370 1614 haere
388 1568 520 1636 questum
536 1576 598 1616 esse
614 1577 678 1615 cum
693 1567 855 1632 temporum
871 1575 992 1614 suorum
1005 1551 1178 1635 aequalibns,

112 1667 287 1716 accusantem
298 1653 409 1736 publice
421 1654 608 1716 fraudulentae
614 1654 689 1716 iliius
699 1652 889 1715 fabricationis
899 1652 1094 1738 typographos
1102 1653 1179 1735 Lug·

114 1752 254 1812 dunenses
268 1753 299 1812 in
311 1751 422 1826 Gallia,
441 1753 491 1833 qui
506 1751 645 1813 editiones
662 1774 725 1812 suas
744 1773 799 1825 eo,
817 1773 875 1832 quo
892 1751 948 1811 dixi
957 1795 967 1823 ,
984 1750 1073 1812 modo
1084 1771 1179 1827 repe·

114 1861 229 1924 terent,
252 1850 402 1930 ipsumque
420 1849 525 1911 laboris
543 1849 589 1911 sui
608 1848 702 1910 fructu
720 1851 872 1926 privarent.
894 1851 968 1925 Qute
990 1871 1034 1909 res
1057 1859 1092 1910 ut
1109 1846 1179 1908 mire

116 1948 245 2027 corrupit
261 1949 373 2009 annales
391 1949 628 2033 typographieos,
644 1949 682 2009 ita
696 1951 778 2009 etiam
795 1949 968 2028 perturbavit
982 1947 1114 2010 iectionis
1130 1967 1180 2025 per
1271 1968 1277 1979 ’

118 2047 249 2108 Aldinam
265 2060 426 2133 propagatae
437 2048 583 2111 historiam
598 2048 740 2110 criticam!
755 2076 770 2102 r»

155 2233 336 2294 carusius.
352 2229 494 2292 Tibullus.
509 2232 679 2309 Propetius,
697 2255 742 2292 an.
757 2232 834 2293 1502
845 2276 854 2307 ,
867 2230 958 2294 iu-80.
986 2231 987 2234 ’

156 2373 205 2434 Sic
221 2371 307 2434 estin
321 2371 475 2454 archetypo
491 2369 623 2446 Aldino,
641 2384 718 2433 certe
732 2393 816 2447 meu,
838 2394 899 2434 non
916 2373 1076 2454 Propertius
1092 2384 1111 2429 ¹.
1127 2372 1179 2431 In-

117 2473 196 2558 signe
219 2470 301 2544 ticli,
319 2468 468 2547 delphinus
482 2469 616 2530 anchorae
632 2469 801 2545 involutus,
824 2470 859 2529 ab
880 2471 931 2530 hac
946 2469 1072 2531 editione
1092 2468 1180 2537 abest.

118 2571 253 2652 Sequitur
266 2569 297 2629 iu
312 2569 396 2629 altera
413 2568 487 2629 tituli
499 2569 598 2652 pagina
613 2570 735 2631 Manutii
750 2568 900 2646 Epistula,
917 2568 1051 2646 inscripta
1061 2569 1119 2628 sic:
1132 2569 1182 2630 Al.

119 2671 183 2730 Mu.
200 2670 253 2728 Ro.
276 2669 392 2729 Marino
412 2670 537 2729 Sursnvw
556 2668 677 2729 Patritio
695 2669 797 2728 Veneto
818 2666 969 2727 Benedicti
989 2666 1071 2726 Filiu-
1088 2667 1118 2726 S.
1133 2664 1182 2725 Ad

119 2768 205 2828 finem
221 2767 323 2828 Catulli
339 2767 444 2850 iegitur
462 2769 579 2827 Hieron.
593 2766 721 2830 Asancii
733 2766 768 2825 ad
784 2763 925 2825 Marinum
937 2763 1096 2830 Sannutum
1107 2763 1183 2841 epis·

120 2867 194 2941 tota,
212 2889 264 2950 qua
282 2869 467 2930 continentur
482 2866 693 2928 emendationes
713 2864 743 2924 in
764 2863 939 2925 Lucretium.
958 2863 1006 2925 Ad
1025 2863 1128 2925 calcem
1152 2862 1193 2933 in,

119 2966 204 3028 altera
217 2966 326 3049 phgula
336 2979 398 3027 est:
416 2967 539 3028 Venetiis
550 2967 580 3026 in
591 2965 699 3027 aedibus
715 2962 795 3027 Aldi.
804 2967 904 3026 Mense
918 2962 1046 3048 januario
1061 2964 1183 3039 hLDII,

118 3083 176 3124 nec
192 3061 253 3124 siue
270 3062 420 3145 privilegio
436 3075 469 3124 ut
491 3063 522 3124 in
546 3063 676 3135 caeteris3
699 3062 730 3122 iu
748 3064 851 3138 altera,
872 3060 1016 3148 Catellrs,
1045 3061 1182 3135 Titotlos,
1293 3076 1296 3092 ⁶

121 3161 285 3242 Propertius.
308 3163 382 3237 Quae
396 3161 516 3246 plagulae
532 3185 606 3246 saepe
622 3162 738 3246 abjector
753 3185 769 3222 a
783 3160 1003 3246 glutinatoribus
1019 3161 1188 3243 opinionem

118 3275 311 3345 pepererunt,
329 3263 399 3323 hanc
414 3263 569 3324 editionem
583 3263 687 3337 etiam,
704 3274 739 3324 ut
753 3263 883 3346 Heyuius
902 3259 1022 3336 scribit,
1039 3262 1101 3322 sine
1115 3262 1188 3321 unni

118 3371 146 3418 et
158 3361 214 3420 loci
226 3371 293 3421 notu
306 3371 438 3442 prusture.
451 3360 520 3423 Tria
534 3360 619 3443 hujus
633 3358 778 3444 archetypi
794 3360 918 3442 exempla
934 3357 1019 3421 simui
1034 3357 1073 3420 ob
1084 3358 1186 3420 oculos

119 3460 236 3523 babebat
251 3463 414 3547 Freyugius
432 3463 587 3547 (Adparet.
600 3461 703 3524 litter.
721 3473 793 3524 tom.
807 3462 840 3537 1,
855 3485 883 3543 p.
899 3458 958 3545 487
970 3462 1001 3540 ),
1020 3461 1097 3523 nulla
1110 3461 1141 3522 in
1154 3479 1186 3520 re

153 3673 163 3703 ¹
180 3671 300 3724 Annales
317 3675 350 3724 de
363 3675 539 3742 i'r'mprimerr'e
550 3676 595 3727 des
608 3674 695 3735 Arde,
713 3693 748 3726 ou
763 3672 882 3725 Histoire
898 3676 944 3728 des
957 3678 1021 3727 trois
1034 3674 1148 3726 Manna
1159 3683 1186 3724 et

120 3758 153 3809 de
165 3758 234 3810 leurs
249 3757 373 3820 e'dr'tiuns,
391 3777 435 3831 par
447 3759 506 3812 Ant
521 3761 590 3832 Aug.
602 3759 755 3823 Renouard,
775 3771 792 3810 t.
807 3758 861 3824 tlt,
880 3776 936 3830 pag.
949 3778 972 3823 7.
995 3760 1029 3810 ts
1046 3756 1103 3808 titre
1115 3768 1184 3829 porte

122 3846 203 3895 norst
222 3842 387 3911 Propertius.
414 3850 493 3897 tantdt
513 3845 669 3912 Propetiuss
687 3844 750 3897 mais
772 3856 833 3897 cette
854 3845 920 3897 iaute
938 3840 1135 3916 typographique
1154 3863 1186 3895 ne

123 3926 213 3979 &note
225 3946 269 4002 pas
282 3926 332 3980 'tane
346 3928 437 3983 double
455 3930 559 3983 edition.
578 3933 614 3985 la
626 3931 764 3984 correction
779 3949 794 3981 a
810 3935 847 3982 eti
864 3929 921 3980 inite
937 3926 1048 4001 pendant
1060 3927 1084 3978 le
1097 3926 1184 4001 tinge.

123 4006 206 4060 Etiam
219 4007 371 4083 cuempiaria
382 4012 431 4064 duo
439 4011 592 4076 adulterina,
600 4031 657 4082 quse
668 4010 1001 4086 penesiiuschkiumerant,
1016 4007 1044 4061 in
1055 4008 1128 4063 titulo
1139 4007 1185 4062 ba-

125 4090 185 4145 bent
196 4092 348 4164 Ρωρεέίω,
363 4094 389 4148 in
404 4094 456 4150 bna
467 4095 632 4165 Propertius,
646 4097 709 4151 sicut
722 4096 781 4150 ΛΗ.
825 4136 830 4149 .
