2828 4762
203 389 244 431 aa
526 365 676 430 ALBII
709 363 937 430 TIBULLI

248 435 261 472 st

249 507 294 577 Et
310 522 405 578 vocet
420 504 461 578 ad
479 499 572 599 digiti
589 530 641 577 me
658 504 821 578 taciturna
835 531 965 576 sonum.

201 618 332 691 Parcite
349 616 546 703 luminibus,
564 646 621 691 seu
635 618 702 704 vir,
721 645 778 690 seu
795 616 915 689 semina
931 615 989 688 lias

249 732 380 820 Obvia;
400 732 496 806 celari
513 733 585 807 vult
601 762 659 806 sua
676 733 763 806 sucta
781 734 905 806 Venus.

200 849 274 920 Neu
292 847 432 947 strepitu
449 865 565 920 terrete
584 847 722 948 pedum,
740 874 805 918 neu
823 844 960 946 quaerite
976 871 1116 931 nomen,

249 964 322 1035 Neu
341 990 447 1063 prope
464 962 604 1058 fulgenti
621 961 744 1036 lumina
760 964 841 1037 lerte
857 963 937 1037 lace.

203 1080 237 1151 Si
257 1080 331 1180 quis
349 1097 382 1153 et
397 1079 586 1180 imprudens
603 1079 809 1180 adspexerit:
828 1078 955 1154 occulat
970 1078 1040 1166 ille,

251 1193 379 1292 Perque
398 1193 477 1267 deos
494 1220 607 1266 ornnes
621 1223 655 1268 se
674 1196 858 1269 meminisse
878 1213 986 1290 neget.
1232 1213 1266 1279 to

204 1310 287 1380 Nam
306 1307 405 1379 suerit
422 1307 620 1407 quicumque
638 1307 779 1409 loquax,
796 1310 826 1383 is
844 1311 1002 1404 sanguine
1017 1324 1142 1395 natam,

201 1464 279 1513 ledat
287 1460 314 1512 in
323 1459 555 1515 Observationibus
567 1461 706 1526 desiderat;

201 1539 257 1604 sed,
268 1550 297 1591 ut
306 1539 417 1605 videtur,
427 1560 564 1610 perperam
575 1561 652 1604 ;nam
663 1546 709 1593 la-

201 1623 242 1671 di!
249 1618 426 1687 superioribus
433 1631 650 1682 cousentaneum,
665 1619 710 1672 ubi

203 1705 293 1749 nocent
312 1696 414 1765 legitur.
439 1697 535 1765 Regius
558 1696 639 1749 codex
656 1696 710 1749 Ti-

202 1774 273 1827 bullo
292 1775 396 1829 Deliam
414 1776 531 1841 abstulit,
554 1775 630 1844 eique
648 1776 709 1847 Ly-

204 1853 274 1906 diam
286 1853 427 1922 quamdam
440 1854 588 1920 substituit,
603 1853 649 1908 sed
665 1875 709 1907 re-

202 1930 335 1998 liquorum
352 1933 472 1985 omniurn
488 1952 618 1986 consensu
632 1932 709 1986 Delia

204 2010 340 2079 pristinam
352 2010 441 2062 sedern
456 2020 553 2063 tuetur.

219 2089 259 2152 34
272 2089 309 2139 Et
319 2098 412 2139 vocet...
423 2099 472 2141 etc.
486 2089 647 2157 Interpretes
655 2087 710 2141 sere

204 2161 541 2233 omues,hoclocosignum
550 2176 711 2219 nocturnum

204 2237 362 2307 intelligunt,
372 2258 425 2307 quo
434 2239 510 2291 Delia
520 2241 636 2294 innuerit
645 2234 712 2295 ama·

205 2316 254 2369 tori
262 2334 310 2368 suo
319 2355 326 2381 ‚
336 2314 400 2368 velle
409 2335 437 2368 se
446 2316 592 2369 clanculum
602 2318 712 2373 descen-

206 2395 284 2459 dere,
305 2405 332 2447 et
346 2394 416 2448 lores
429 2395 465 2447 illi
477 2395 586 2464 aperire.
600 2398 712 2452 Brouelc

206 2471 359 2526 solemniter
372 2474 545 2543 pronuntiat:
560 2498 573 2521 κ
590 2469 711 2530 ltarecte

204 2550 377 2604 subodoratus
390 2561 428 2605 est
440 2550 579 2604 Gonsalius
590 2556 620 2604 de
636 2555 713 2606 Salas

207 2629 239 2680 ad
252 2630 360 2682 Petron.
368 2649 424 2699 pag
417 2651 498 2703 ..qu
485 2630 588 2684 »Idem
599 2631 712 2686 Broudc

208 2706 279 2774 Quia
292 2705 360 2775 apud
381 2718 501 2759 nostrum
515 2706 712 2799 9⁰²12m„⁸0t1}0¹

207 2785 239 2836 de
251 2796 365 2837 amatore
373 2804 461 2838 sermo
469 2795 524 2851 est,
539 2787 583 2855 qui
596 2806 713 2843 exsecra-

205 2861 276 2913 tione
288 2862 392 2928 siguum
405 2860 496 2926 dabat,
509 2862 632 2915 omnibus
641 2882 713 2916 ama-

208 2940 307 2991 toribus
326 2938 469 3007 digitorum
480 2960 554 3028 ⁵⁰,¹¹⁰r
558 2941 712 3024 interdicit,

208 3016 354 3085 puellasque
364 3019 462 3086 pariter
469 2998 644 3072 eriseratione
653 3040 714 3089 pro-

210 3093 287 3145 bibet.
303 3093 471 3145 Crediderim
486 3106 591 3162 tanuen,
610 3095 660 3148 boc
674 3098 715 3149 lo-

207 3189 254 3234 co,
265 3169 371 3238 signum
381 3169 455 3238 digiti
469 3191 483 3223 a
493 3173 517 3224 Γ
518 3173 598 3225 rbullo
609 3174 715 3243 prolec-

208 3259 282 3314 tum,
296 3248 331 3300 ita
342 3259 370 3301 ut
378 3248 557 3319 leviterjanua
567 3252 651 3321 pulsa,
660 3250 715 3307 De·

209 3328 271 3380 liam
283 3324 315 3377 de
328 3325 442 3379 adventu
455 3327 511 3395 ejus
522 3329 661 3382 certiorem
674 3329 716 3383 sa-

209 3413 288 3464 ceret,
301 3422 368 3471 quae,
377 3413 462 3472 postes
471 3423 532 3457 mox
540 3425 673 3474 reserans,
682 3407 714 3461 il·

209 3487 262 3537 lum
275 3493 386 3536 vocaret.
481 3485 486 3497 “

242 3565 281 3616 35.
293 3563 544 3618 percucurrimus.
559 3564 643 3632 Quasi
652 3583 715 3618 me-

210 3642 307 3694 tuenda
315 3640 386 3694 soret
393 3641 489 3694 orbitas
496 3642 641 3695 oculorum.
651 3641 717 3695 ttaec

210 3715 717 3809 eospeenasequcbatur,qpinumenali·

210 3797 280 3866 quod
289 3797 481 3888 conspexissent
491 3796 613 3863 invitum,
627 3816 718 3865 quarn·

210 3896 289 3962 quarn
297 3875 380 3945 ignari
387 3875 434 3945 ipsi
427 3875 518 3942 'atque
528 3873 717 3943 imprudentes.

212 3941 441 4021 Videspanheim
456 3951 614 4006 Observat.
607 3971 634 4004 ιιι
649 3950 717 4004 Cal-

210 4028 314 4082 limacbi
328 4030 469 4102 Hymnum
482 4028 594 4083 Palladis
603 4048 690 4082 vers.
679 4030 718 4100 7.8

211 4108 356 4161 Bnoucxu.
364 4137 396 4150 -
407 4109 498 4164 Codex
507 4109 644 4180 parisfiat.
654 4065 717 4162 Edi·

756 1466 793 1518 tio
802 1466 864 1518 anni
877 1467 995 1533 147afiet.
1004 1463 1101 1518 Melius
1109 1462 1203 1532 vulgat.
1210 1481 1264 1515 esse

757 1563 771 1595 e
783 1561 836 1609 seq.
848 1552 964 1611 apparet.

799 1622 839 1688 37.
858 1623 921 1672 Neu.
942 1621 974 1673 lu
993 1618 1041 1673 hac
1053 1617 1178 1687 particula
1198 1615 1266 1669 mira

759 1709 797 1752 est
806 1698 934 1751 librorum
944 1697 1068 1759 varietas;
1082 1697 1118 1749 H.
1130 1697 1204 1749 Voss.
1217 1694 1266 1749 eli-

757 1779 794 1845 git
811 1796 870 1839 rec,
889 1778 1062 1847 quamobrem
1076 1775 1107 1828 ab
1126 1773 1263 1828 Huscbkio

756 1852 830 1906 valde
843 1855 990 1923 castigatur.
1000 1854 1080 1908 Barla.
1089 1873 1198 1907 ›re-acue
1212 1851 1269 1921 qui-

755 1928 865 1982 busdam
878 1930 948 1984 libris
960 1930 1106 1993 revocavit3
1119 1931 1141 1983 ei
1152 1939 1265 1982 sentcn-

759 2007 795 2058 tia
805 2008 980 2076 superioribus
992 2026 1046 2059 non
1057 2025 1174 2060 connexa
1186 2005 1266 2058 vide—

759 2084 844 2135 batur.
857 2083 911 2136 Sed
926 2084 1073 2136 Huschlrius
1083 2084 1134 2135 ait:
1147 2104 1160 2127 o
1169 2085 1267 2135 lib-neu

760 2160 841 2228 proba
858 2159 965 2227 quidem
977 2171 1016 2213 est
1032 2157 1203 2212 construendi
1215 2177 1265 2209 ra-

761 2235 807 2300 tio,
820 2256 906 2289 necea
915 2247 1004 2290 tamen
1012 2237 1094 2290 ubivis
1102 2234 1265 2289 inculcanda.

761 2316 828 2367 Nam
841 2334 896 2367 non
911 2318 998 2370 minus
1011 2326 1081 2369 recte
1090 2336 1117 2368 se
1134 2314 1266 2384 excipiunt

760 2401 820 2444 aute
843 2391 1023 2460 imperativus,
1041 2392 1174 2461 particulae
1198 2412 1265 2446 rea-

760 2490 807 2524 neu
821 2490 899 2539 quarn
915 2490 1018 2534 renen,
1038 2483 1069 2525 ut
1084 2470 1154 2541 apud
1173 2470 1267 2541 Virgil.

762 2549 858 2619 Georg.
868 2551 925 2616 IV,
938 2571 1004 2604 vers.
1012 2554 1057 2621 47,
1070 2562 1097 2605 et
1106 2550 1174 2619 apud
1189 2549 1268 2603 Clau-

761 2626 870 2680 dianum
879 2629 964 2694 tht,
977 2650 1042 2682 vers.
1056 2631 1111 2699 278.
1121 2652 1134 2675 »ι

794 2709 833 2761 38.
854 2709 963 2761 Limam
978 2708 1054 2776 secte.
1074 2710 1153 2763 Nunc
1170 2712 1269 2761 Inmr'rra

761 2783 984 2850 aliomododieta,
993 2786 1213 2855 acpauloantevs.
1222 2790 1266 2840 35:

760 2861 804 2914 hic
820 2873 875 2915 erat
888 2881 896 2914 ι
908 2865 992 2914 Nolite
1002 2883 1041 2915 me
1054 2868 1157 2929 propriis
1172 2868 1268 2931 adspi-

761 2958 833 3004 cere,
846 2961 916 2993 nunc
925 2962 932 3003 ς
940 2939 1061 3007 refricem
1067 2945 1172 3007 propriis
1182 2944 1268 2994 admo·

762 3030 819 3074 retu
830 3019 922 3071 Hrrn.

783 3100 822 3169 39.
831 3099 927 3165 St'quis.
939 3098 1000 3150 Duo
1011 3095 1069 3151 cod.
1081 3097 1116 3149 H.
1131 3095 1205 3148 Voss
1215 3094 1268 3147 lra-

762 3175 825 3228 bent
838 3194 845 3228 ε
857 3197 869 3221 o
878 3172 976 3244 Siquid
984 3170 1269 3242 etimprudensadspe-

761 3254 844 3322 serit,
859 3277 873 3302 ι
886 3253 1012 3324 probante
1024 3252 1177 3306 Passeratio.

795 3336 838 3399 dr.
850 3336 916 3385 Nam
921 3330 1003 3398 sueni
1015 3335 1159 3399 qur'cumqrre
1169 3332 1270 3397 loquax.

762 3410 875 3463 Brouelc
895 3419 987 3478 putat,
1004 3407 1143 3472 hocloco,
1163 3416 1269 3474 poetam

763 3489 922 3542 amatoribus
930 3498 1059 3558 precepta
1068 3486 1196 3555 scripsisse
1207 3504 1214 3546 ς
1226 3483 1271 3535 sci·

762 3567 874 3620 licetne
894 3585 949 3619 sese
969 3567 1084 3634 iactent,
1103 3565 1137 3617 ob
1156 3559 1269 3615 nimium

764 3645 857 3715 puelle
876 3663 1003 3698 amorem.
1023 3643 1099 3698 Idem
1118 3640 1150 3694 de
1164 3639 1269 3693 Venere

763 3722 887 3777 meminit
898 3742 956 3792 quae
969 3723 1082 3793 graviter
1093 3717 1270 3775 comminatur

764 3798 885 3855 Anchise}
887 3798 1137 3870 ,nejactarevelitin
1145 3813 1233 3848 amore
1242 3812 1268 3845 se

764 3879 875 3932 mixtum
886 3876 965 3931 luisse
978 3895 1040 3929 curn
1053 3871 1196 3927 immortali
1212 3868 1269 3922 dea.

764 3956 836 4009 Sed'
830 3954 1040 4044 interpretationi
1053 3949 1165 4004 Brouck
1180 3967 1271 4002 seusus

764 4034 929 4102 superiorum
943 4031 1110 4093 adversatum
1123 4038 1200 4098 poeta
1210 4027 1271 4080 sirn-

764 4108 1271 4179 pliciterdicit:Quicumquemeosarno
