<?xml version="1.0" encoding="UTF-8"?>
<!DOCTYPE html PUBLIC "-//W3C//DTD XHTML 1.0 Transitional//EN"
    "http://www.w3.org/TR/xhtml1/DTD/xhtml1-transitional.dtd">
<html xmlns="http://www.w3.org/1999/xhtml" xml:lang="en" lang="en">
 <head>
  <title>
</title>
<meta http-equiv="Content-Type" content="text/html;charset=utf-8" />
  <meta name='ocr-system' content='tesseract 3.04.00' />
  <meta name='ocr-capabilities' content='ocr_page ocr_carea ocr_par ocr_line ocrx_word'/>
</head>
<body>
  <div class='ocr_page' id='page_1' title='image "albiitibulliqua01golbgoog_0018.png"; bbox 0 0 2722 4762; ppageno 0'>
   <div class='ocr_carea' id='block_1_1' title="bbox 367 334 1169 423">
    <p class='ocr_par' dir='ltr' id='par_1_1' title="bbox 367 334 1169 423">
     <span class='ocr_line' id='line_1_1' title="bbox 367 334 1169 423; baseline 0.019 -27"><span class='ocrx_word' id='word_1_1' title='bbox 367 334 623 403; x_wconf 69' lang='lat' dir='ltr'><strong>ametro</strong></span> <span class='ocrx_word' id='word_1_2' title='bbox 651 341 892 403; x_wconf 73' lang='lat' dir='ltr'><strong>Enttortts.</strong></span> <span class='ocrx_word' id='word_1_3' title='bbox 1122 341 1169 423; x_wconf 76' lang='lat' dir='ltr'><strong>xiij</strong></span> 
     </span>
    </p>
   </div>
   <div class='ocr_carea' id='block_1_2' title="bbox 113 465 1170 683">
    <p class='ocr_par' dir='ltr' id='par_1_2' title="bbox 113 465 1170 683">
     <span class='ocr_line' id='line_1_2' title="bbox 113 465 1170 571; baseline 0 -29"><span class='ocrx_word' id='word_1_4' title='bbox 113 495 239 568; x_wconf 86' lang='lat' dir='ltr'><strong>semper</strong></span> <span class='ocrx_word' id='word_1_5' title='bbox 252 465 357 541; x_wconf 80' lang='lat' dir='ltr'><strong>voluit</strong></span> <span class='ocrx_word' id='word_1_6' title='bbox 373 467 543 565; x_wconf 74' lang='lat' dir='ltr'><strong>affinger03</strong></span> <span class='ocrx_word' id='word_1_7' title='bbox 561 470 709 571; x_wconf 83' lang='lat' dir='ltr'><strong>duosque</strong></span> <span class='ocrx_word' id='word_1_8' title='bbox 722 469 906 567; x_wconf 82' lang='lat' dir='ltr'><strong>Scaligeros</strong></span> <span class='ocrx_word' id='word_1_9' title='bbox 919 467 1077 571; x_wconf 88' lang='lat' dir='ltr'><strong>protulit,</strong></span> <span class='ocrx_word' id='word_1_10' title='bbox 1098 469 1170 542; x_wconf 89' lang='lat' dir='ltr'><strong>Sto·</strong></span> 
     </span>
     <span class='ocr_line' id='line_1_3' title="bbox 113 583 836 683; baseline 0.001 -27"><span class='ocrx_word' id='word_1_11' title='bbox 113 583 255 683; x_wconf 85' lang='lat' dir='ltr'><strong>plranos,</strong></span> <span class='ocrx_word' id='word_1_12' title='bbox 274 584 423 672; x_wconf 88' lang='lat' dir='ltr'><strong>Dousas,</strong></span> <span class='ocrx_word' id='word_1_13' title='bbox 442 587 666 673; x_wconf 85' lang='lat' dir='ltr'><strong>Burmannos,</strong></span> <span class='ocrx_word' id='word_1_14' title='bbox 683 586 836 663; x_wconf 80' lang='lat' dir='ltr'><strong>Vossios.</strong></span> 
     </span>
    </p>
   </div>
   <div class='ocr_carea' id='block_1_3' title="bbox 160 785 959 1166">
    <p class='ocr_par' dir='ltr' id='par_1_3' title="bbox 160 785 959 1166">
     <span class='ocr_line' id='line_1_4' title="bbox 573 785 707 840; baseline 0 -2"><span class='ocrx_word' id='word_1_15' title='bbox 573 785 707 840; x_wconf 60' lang='lat' dir='ltr'><strong>DELIAE.</strong></span> 
     </span>
     <span class='ocr_line' id='line_1_5' title="bbox 160 915 959 1018; baseline 0.004 -31"><span class='ocrx_word' id='word_1_16' title='bbox 160 917 215 989; x_wconf 77' lang='lat' dir='ltr'><strong>Vre</strong></span> <span class='ocrx_word' id='word_1_17' title='bbox 231 915 331 988; x_wconf 81' lang='lat' dir='ltr'><strong>milri!</strong></span> <span class='ocrx_word' id='word_1_18' title='bbox 347 944 394 990; x_wconf 80' lang='lat' dir='ltr'><strong>vae</strong></span> <span class='ocrx_word' id='word_1_19' title='bbox 410 915 568 991; x_wconf 77' lang='lat' dir='ltr'>Tibullo!</span> <span class='ocrx_word' id='word_1_20' title='bbox 585 947 657 1018; x_wconf 85' lang='lat' dir='ltr'><strong>quae</strong></span> <span class='ocrx_word' id='word_1_21' title='bbox 674 916 959 992; x_wconf 66' lang='lat' dir='ltr'><strong>dixisti&#39;nomina?</strong></span> 
     </span>
     <span class='ocr_line' id='line_1_6' title="bbox 556 1104 786 1166; baseline 0.009 -2"><span class='ocrx_word' id='word_1_22' title='bbox 556 1109 725 1166; x_wconf 75' lang='lat' dir='ltr'><strong>EDI&#39;l&#39;Oll·</strong></span> <span class='ocrx_word' id='word_1_23' title='bbox 779 1104 786 1113; x_wconf 66' lang='grc'>’</span> 
     </span>
    </p>
   </div>
   <div class='ocr_carea' id='block_1_4' title="bbox 42 1256 938 1357">
    <p class='ocr_par' dir='ltr' id='par_1_4' title="bbox 42 1256 938 1357">
     <span class='ocr_line' id='line_1_7' title="bbox 42 1256 938 1357; baseline 0 -29"><span class='ocrx_word' id='word_1_24' title='bbox 42 1280 48 1293; x_wconf 83' lang='grc'><strong>’</strong></span> <span class='ocrx_word' id='word_1_25' title='bbox 159 1257 341 1329; x_wconf 79' lang='lat' dir='ltr'><strong>Doctorum</strong></span> <span class='ocrx_word' id='word_1_26' title='bbox 358 1273 460 1345; x_wconf 86' lang='lat' dir='ltr'><strong>certe,</strong></span> <span class='ocrx_word' id='word_1_27' title='bbox 478 1257 769 1357; x_wconf 75' lang='lat' dir='ltr'><strong>praestantiumque</strong></span> <span class='ocrx_word' id='word_1_28' title='bbox 784 1256 938 1331; x_wconf 83' lang='lat' dir='ltr'><strong>virorum.</strong></span> 
     </span>
    </p>
   </div>
   <div class='ocr_carea' id='block_1_5' title="bbox 567 1457 710 1513">
    <p class='ocr_par' dir='ltr' id='par_1_5' title="bbox 567 1457 710 1513">
     <span class='ocr_line' id='line_1_8' title="bbox 567 1457 710 1513; baseline 0.007 -1"><span class='ocrx_word' id='word_1_29' title='bbox 567 1457 710 1513; x_wconf 70' lang='lat' dir='ltr'><strong>ntulit.</strong></span> 
     </span>
    </p>
   </div>
   <div class='ocr_carea' id='block_1_6' title="bbox 156 1600 946 1701">
    <p class='ocr_par' dir='ltr' id='par_1_6' title="bbox 156 1600 946 1701">
     <span class='ocr_line' id='line_1_9' title="bbox 156 1600 946 1701; baseline -0.004 -26"><span class='ocrx_word' id='word_1_30' title='bbox 156 1602 261 1675; x_wconf 91' lang='lat' dir='ltr'><strong>Immo</strong></span> <span class='ocrx_word' id='word_1_31' title='bbox 275 1601 389 1701; x_wconf 82' lang='lat' dir='ltr'><strong>potius</strong></span> <span class='ocrx_word' id='word_1_32' title='bbox 404 1600 639 1677; x_wconf 87' lang='lat' dir='ltr'><strong>audaeulorum</strong></span> <span class='ocrx_word' id='word_1_33' title='bbox 657 1620 691 1678; x_wconf 90' lang='lat' dir='ltr'><strong>et</strong></span> <span class='ocrx_word' id='word_1_34' title='bbox 705 1619 946 1701; x_wconf 69' lang='lat' dir='ltr'><strong>protervorum.</strong></span> 
     </span>
    </p>
   </div>
   <div class='ocr_carea' id='block_1_7' title="bbox 524 1809 748 1866">
    <p class='ocr_par' dir='ltr' id='par_1_7' title="bbox 524 1809 748 1866">
     <span class='ocr_line' id='line_1_10' title="bbox 524 1809 748 1866; baseline 0 -4"><span class='ocrx_word' id='word_1_35' title='bbox 524 1809 748 1866; x_wconf 71' lang='lat' dir='ltr'><strong>utunttus.</strong></span> 
     </span>
    </p>
   </div>
   <div class='ocr_carea' id='block_1_8' title="bbox 72 1933 1171 2848">
    <p class='ocr_par' dir='ltr' id='par_1_8' title="bbox 72 1933 1171 2848">
     <span class='ocr_line' id='line_1_11' title="bbox 161 1933 1171 2037; baseline 0.003 -30"><span class='ocrx_word' id='word_1_36' title='bbox 161 1933 274 2009; x_wconf 78' lang='lat' dir='ltr'><strong>Nolito</strong></span> <span class='ocrx_word' id='word_1_37' title='bbox 286 1936 413 2024; x_wconf 88' lang='lat' dir='ltr'><strong>mirari,</strong></span> <span class='ocrx_word' id='word_1_38' title='bbox 434 1937 524 2037; x_wconf 89' lang='lat' dir='ltr'><strong>quod</strong></span> <span class='ocrx_word' id='word_1_39' title='bbox 537 1965 607 2010; x_wconf 89' lang='lat' dir='ltr'><strong>mea</strong></span> <span class='ocrx_word' id='word_1_40' title='bbox 621 1935 715 2010; x_wconf 89' lang='lat' dir='ltr'><strong>Delia</strong></span> <span class='ocrx_word' id='word_1_41' title='bbox 728 1933 793 2011; x_wconf 91' lang='lat' dir='ltr'><strong>illis</strong></span> <span class='ocrx_word' id='word_1_42' title='bbox 807 1935 934 2010; x_wconf 84' lang='lat' dir='ltr'><strong>infensa</strong></span> <span class='ocrx_word' id='word_1_43' title='bbox 947 1936 1001 2009; x_wconf 87' lang='lat' dir='ltr'><strong>sit.</strong></span> <span class='ocrx_word' id='word_1_44' title='bbox 1025 1934 1171 2034; x_wconf 74' lang='lat' dir='ltr'>Scaliger</span> 
     </span>
     <span class='ocr_line' id='line_1_12' title="bbox 114 2051 1171 2154; baseline 0 -27"><span class='ocrx_word' id='word_1_45' title='bbox 114 2051 197 2127; x_wconf 86' lang='lat' dir='ltr'><strong>enim</strong></span> <span class='ocrx_word' id='word_1_46' title='bbox 215 2054 369 2139; x_wconf 88' lang='lat' dir='ltr'><strong>earmina,</strong></span> <span class='ocrx_word' id='word_1_47' title='bbox 388 2081 405 2127; x_wconf 90' lang='lat' dir='ltr'><strong>e</strong></span> <span class='ocrx_word' id='word_1_48' title='bbox 423 2053 544 2154; x_wconf 90' lang='lat' dir='ltr'><strong>quibus</strong></span> <span class='ocrx_word' id='word_1_49' title='bbox 561 2070 716 2128; x_wconf 83' lang='lat' dir='ltr'><strong>aeternum</strong></span> <span class='ocrx_word' id='word_1_50' title='bbox 733 2052 796 2127; x_wconf 87' lang='lat' dir='ltr'><strong>sibi</strong></span> <span class='ocrx_word' id='word_1_51' title='bbox 813 2080 934 2127; x_wconf 91' lang='lat' dir='ltr'><strong>nomeu</strong></span> <span class='ocrx_word' id='word_1_52' title='bbox 950 2051 1021 2127; x_wconf 87' lang='lat' dir='ltr'><strong>fore</strong></span> <span class='ocrx_word' id='word_1_53' title='bbox 1039 2080 1171 2154; x_wconf 83' lang='lat' dir='ltr'><strong>exspec-</strong></span> 
     </span>
     <span class='ocr_line' id='line_1_13' title="bbox 72 2168 1169 2271; baseline 0.003 -30"><span class='ocrx_word' id='word_1_54' title='bbox 72 2173 78 2183; x_wconf 81' lang='grc'><strong>”</strong></span> <span class='ocrx_word' id='word_1_55' title='bbox 114 2168 216 2254; x_wconf 88' lang='lat' dir='ltr'><strong>tabat,</strong></span> <span class='ocrx_word' id='word_1_56' title='bbox 232 2168 268 2241; x_wconf 90' lang='lat' dir='ltr'><strong>in</strong></span> <span class='ocrx_word' id='word_1_57' title='bbox 282 2170 425 2242; x_wconf 88' lang='lat' dir='ltr'><strong>minutas</strong></span> <span class='ocrx_word' id='word_1_58' title='bbox 438 2168 613 2269; x_wconf 82' lang='lat' dir='ltr'>discerpsit</span> <span class='ocrx_word' id='word_1_59' title='bbox 627 2188 754 2269; x_wconf 89' lang='lat' dir='ltr'><strong>partes;</strong></span> <span class='ocrx_word' id='word_1_60' title='bbox 773 2169 906 2258; x_wconf 88' lang='lat' dir='ltr'><strong>deiude,</strong></span> <span class='ocrx_word' id='word_1_61' title='bbox 924 2169 1018 2271; x_wconf 83' lang='lat' dir='ltr'><strong>quasi</strong></span> <span class='ocrx_word' id='word_1_62' title='bbox 1033 2171 1069 2244; x_wconf 92' lang='lat' dir='ltr'><strong>in</strong></span> <span class='ocrx_word' id='word_1_63' title='bbox 1085 2199 1169 2244; x_wconf 90' lang='lat' dir='ltr'><strong>urna</strong></span> 
     </span>
     <span class='ocr_line' id='line_1_14' title="bbox 114 2283 1170 2372; baseline 0.003 -16"><span class='ocrx_word' id='word_1_64' title='bbox 114 2283 339 2358; x_wconf 78' lang='lat' dir='ltr'><strong>schedularum</strong></span> <span class='ocrx_word' id='word_1_65' title='bbox 361 2283 454 2358; x_wconf 86' lang='lat' dir='ltr'><strong>fieret</strong></span> <span class='ocrx_word' id='word_1_66' title='bbox 470 2285 618 2372; x_wconf 82' lang='lat' dir='ltr'><strong>sortitio,</strong></span> <span class='ocrx_word' id='word_1_67' title='bbox 637 2313 750 2358; x_wconf 87' lang='lat' dir='ltr'><strong>omues</strong></span> <span class='ocrx_word' id='word_1_68' title='bbox 772 2311 885 2358; x_wconf 78' lang='lat' dir='ltr'><strong>versus</strong></span> <span class='ocrx_word' id='word_1_69' title='bbox 909 2285 954 2358; x_wconf 90' lang='lat' dir='ltr'><strong>ita</strong></span> <span class='ocrx_word' id='word_1_70' title='bbox 978 2286 1109 2359; x_wconf 88' lang='lat' dir='ltr'><strong>miscuit</strong></span> <span class='ocrx_word' id='word_1_71' title='bbox 1130 2313 1170 2359; x_wconf 87' lang='lat' dir='ltr'><strong>ac</strong></span> 
     </span>
     <span class='ocr_line' id='line_1_15' title="bbox 112 2397 1169 2498; baseline 0.001 -27"><span class='ocrx_word' id='word_1_72' title='bbox 112 2397 273 2487; x_wconf 79' lang='lat' dir='ltr'><strong>confirdit,</strong></span> <span class='ocrx_word' id='word_1_73' title='bbox 287 2417 325 2474; x_wconf 94' lang='lat' dir='ltr'><strong>ut</strong></span> <span class='ocrx_word' id='word_1_74' title='bbox 332 2400 397 2498; x_wconf 80' lang='lat' dir='ltr'><strong>jam</strong></span> <span class='ocrx_word' id='word_1_75' title='bbox 409 2398 533 2473; x_wconf 88' lang='lat' dir='ltr'><strong>nullam</strong></span> <span class='ocrx_word' id='word_1_76' title='bbox 543 2399 690 2497; x_wconf 76' lang='lat' dir='ltr'><strong>Elegiam</strong></span> <span class='ocrx_word' id='word_1_77' title='bbox 704 2401 864 2498; x_wconf 75' lang='lat' dir='ltr'><strong>integram</strong></span> <span class='ocrx_word' id='word_1_78' title='bbox 877 2400 1015 2489; x_wconf 90' lang='lat' dir='ltr'><strong>sineret,</strong></span> <span class='ocrx_word' id='word_1_79' title='bbox 1033 2399 1169 2474; x_wconf 85' lang='lat' dir='ltr'><strong>somniis</strong></span> 
     </span>
     <span class='ocr_line' id='line_1_16' title="bbox 112 2514 1169 2615; baseline 0 -27"><span class='ocrx_word' id='word_1_80' title='bbox 112 2514 341 2591; x_wconf 86' lang='lat' dir='ltr'><strong>confisnssuis.</strong></span> <span class='ocrx_word' id='word_1_81' title='bbox 357 2518 571 2590; x_wconf 83' lang='lat' dir='ltr'><strong>lluncautem</strong></span> <span class='ocrx_word' id='word_1_82' title='bbox 581 2516 737 2589; x_wconf 85' lang='lat' dir='ltr'><strong>facinoris</strong></span> <span class='ocrx_word' id='word_1_83' title='bbox 748 2517 837 2615; x_wconf 89' lang='lat' dir='ltr'><strong>apud</strong></span> <span class='ocrx_word' id='word_1_84' title='bbox 846 2516 970 2589; x_wconf 83' lang='lat' dir='ltr'><strong>inferos</strong></span> <span class='ocrx_word' id='word_1_85' title='bbox 981 2515 1169 2590; x_wconf 85' lang='lat' dir='ltr'><strong>valdenune</strong></span> 
     </span>
     <span class='ocr_line' id='line_1_17' title="bbox 112 2628 1171 2731; baseline -0.004 -26"><span class='ocrx_word' id='word_1_86' title='bbox 112 2632 268 2731; x_wconf 83' lang='lat' dir='ltr'><strong>poenitet,</strong></span> <span class='ocrx_word' id='word_1_87' title='bbox 283 2631 358 2705; x_wconf 90' lang='lat' dir='ltr'><strong>licet</strong></span> <span class='ocrx_word' id='word_1_88' title='bbox 372 2629 450 2705; x_wconf 86' lang='lat' dir='ltr'><strong>olim</strong></span> <span class='ocrx_word' id='word_1_89' title='bbox 462 2630 637 2727; x_wconf 76' lang='lat' dir='ltr'><strong>magnifice·</strong></span> <span class='ocrx_word' id='word_1_90' title='bbox 645 2628 814 2728; x_wconf 78' lang='lat' dir='ltr'><strong>jactaverit</strong></span> <span class='ocrx_word' id='word_1_91' title='bbox 828 2655 898 2711; x_wconf 83' lang='lat' dir='ltr'><strong>sese</strong></span> <span class='ocrx_word' id='word_1_92' title='bbox 912 2629 1029 2722; x_wconf 82' lang='lat' dir='ltr'><strong>viginti</strong></span> <span class='ocrx_word' id='word_1_93' title='bbox 1044 2629 1171 2702; x_wconf 89' lang='lat' dir='ltr'><strong>dierum</strong></span> 
     </span>
     <span class='ocr_line' id='line_1_18' title="bbox 113 2745 539 2848; baseline -0.005 -30"><span class='ocrx_word' id='word_1_94' title='bbox 113 2745 224 2846; x_wconf 86' lang='lat' dir='ltr'><strong>spatio</strong></span> <span class='ocrx_word' id='word_1_95' title='bbox 239 2745 307 2818; x_wconf 79' lang='lat' dir='ltr'><strong>lraec</strong></span> <span class='ocrx_word' id='word_1_96' title='bbox 325 2762 539 2848; x_wconf 79' lang='lat' dir='ltr'><strong>perpetrasse.</strong></span> 
     </span>
    </p>
   </div>
   <div class='ocr_carea' id='block_1_9' title="bbox 576 2927 712 2982">
    <p class='ocr_par' dir='ltr' id='par_1_9' title="bbox 576 2927 712 2982">
     <span class='ocr_line' id='line_1_19' title="bbox 576 2927 712 2982; baseline -0.007 -1"><span class='ocrx_word' id='word_1_97' title='bbox 576 2927 712 2982; x_wconf 70' lang='lat' dir='ltr'><strong>nesta.</strong></span> 
     </span>
    </p>
   </div>
   <div class='ocr_carea' id='block_1_10' title="bbox 115 3056 1215 3846">
    <p class='ocr_par' dir='ltr' id='par_1_10' title="bbox 115 3056 1215 3846">
     <span class='ocr_line' id='line_1_20' title="bbox 165 3056 1215 3158; baseline -0.008 -22"><span class='ocrx_word' id='word_1_98' title='bbox 165 3060 286 3158; x_wconf 86' lang='lat' dir='ltr'><strong>Majori</strong></span> <span class='ocrx_word' id='word_1_99' title='bbox 298 3059 406 3134; x_wconf 85' lang='lat' dir='ltr'><strong>adbuc</strong></span> <span class='ocrx_word' id='word_1_100' title='bbox 422 3058 542 3134; x_wconf 56' lang='lat' dir='ltr'><strong>&amp;orno</strong></span> <span class='ocrx_word' id='word_1_101' title='bbox 554 3086 606 3132; x_wconf 90' lang='lat' dir='ltr'><strong>me</strong></span> <span class='ocrx_word' id='word_1_102' title='bbox 618 3056 727 3131; x_wconf 82' lang='lat' dir='ltr'><strong>allecit</strong></span> <span class='ocrx_word' id='word_1_103' title='bbox 741 3058 787 3130; x_wconf 83' lang='lat' dir='ltr'><strong>lt.</strong></span> <span class='ocrx_word' id='word_1_104' title='bbox 804 3059 901 3130; x_wconf 84' lang='lat' dir='ltr'><strong>Voss.</strong></span> <span class='ocrx_word' id='word_1_105' title='bbox 916 3084 1006 3143; x_wconf 90' lang='lat' dir='ltr'><strong>nam,</strong></span> <span class='ocrx_word' id='word_1_106' title='bbox 1025 3058 1115 3157; x_wconf 92' lang='lat' dir='ltr'><strong>quod</strong></span> <span class='ocrx_word' id='word_1_107' title='bbox 1129 3058 1171 3131; x_wconf 91' lang='lat' dir='ltr'><strong>ad</strong></span> <span class='ocrx_word' id='word_1_108' title='bbox 1212 3117 1215 3128; x_wconf 79' lang='grc'>,</span> 
     </span>
     <span class='ocr_line' id='line_1_21' title="bbox 115 3168 1172 3274; baseline -0.003 -26"><span class='ocrx_word' id='word_1_109' title='bbox 115 3174 316 3271; x_wconf 80' lang='lat' dir='ltr'><strong>scaligerum</strong></span> <span class='ocrx_word' id='word_1_110' title='bbox 332 3175 463 3260; x_wconf 80' lang='lat' dir='ltr'><strong>attinet,</strong></span> <span class='ocrx_word' id='word_1_111' title='bbox 483 3171 607 3274; x_wconf 84' lang='lat' dir='ltr'><strong>Vulpio</strong></span> <span class='ocrx_word' id='word_1_112' title='bbox 623 3171 819 3272; x_wconf 85' lang='lat' dir='ltr'><strong>lleynioque</strong></span> <span class='ocrx_word' id='word_1_113' title='bbox 834 3197 948 3270; x_wconf 84' lang='lat' dir='ltr'><strong>poeuas</strong></span> <span class='ocrx_word' id='word_1_114' title='bbox 964 3168 1026 3242; x_wconf 92' lang='lat' dir='ltr'><strong>luit</strong></span> <span class='ocrx_word' id='word_1_115' title='bbox 1043 3199 1051 3244; x_wconf 73' lang='grc' dir='ltr'><strong><em>ε</em></strong></span> <span class='ocrx_word' id='word_1_116' title='bbox 1068 3170 1172 3245; x_wconf 88' lang='lat' dir='ltr'><strong>atille</strong></span> 
     </span>
     <span class='ocr_line' id='line_1_22' title="bbox 115 3283 1172 3389; baseline -0.004 -26"><span class='ocrx_word' id='word_1_117' title='bbox 115 3290 189 3389; x_wconf 90' lang='lat' dir='ltr'><strong>(qui</strong></span> <span class='ocrx_word' id='word_1_118' title='bbox 205 3307 314 3363; x_wconf 89' lang='lat' dir='ltr'><strong>tamen</strong></span> <span class='ocrx_word' id='word_1_119' title='bbox 328 3289 528 3376; x_wconf 85' lang='lat' dir='ltr'><strong>Germanos,</strong></span> <span class='ocrx_word' id='word_1_120' title='bbox 544 3285 708 3384; x_wconf 82' lang='lat' dir='ltr'><strong>eleganter</strong></span> <span class='ocrx_word' id='word_1_121' title='bbox 721 3283 852 3358; x_wconf 82' lang='lat' dir='ltr'><strong>metrica</strong></span> <span class='ocrx_word' id='word_1_122' title='bbox 869 3283 1035 3372; x_wconf 87' lang='lat' dir='ltr'><strong>versione,</strong></span> <span class='ocrx_word' id='word_1_123' title='bbox 1051 3285 1172 3360; x_wconf 87' lang='lat' dir='ltr'><strong>amoris</strong></span> 
     </span>
     <span class='ocr_line' id='line_1_23' title="bbox 116 3400 1172 3506; baseline -0.003 -27"><span class='ocrx_word' id='word_1_124' title='bbox 116 3408 222 3480; x_wconf 88' lang='lat' dir='ltr'><strong>nostri</strong></span> <span class='ocrx_word' id='word_1_125' title='bbox 239 3405 415 3506; x_wconf 85' lang='lat' dir='ltr'><strong>participes</strong></span> <span class='ocrx_word' id='word_1_126' title='bbox 437 3405 529 3498; x_wconf 83' lang='lat' dir='ltr'><strong>fecit)</strong></span> <span class='ocrx_word' id='word_1_127' title='bbox 551 3430 603 3476; x_wconf 90' lang='lat' dir='ltr'><strong>me</strong></span> <span class='ocrx_word' id='word_1_128' title='bbox 627 3402 711 3476; x_wconf 91' lang='lat' dir='ltr'><strong>lecto</strong></span> <span class='ocrx_word' id='word_1_129' title='bbox 728 3400 946 3487; x_wconf 83' lang='lat' dir='ltr'><strong>descendere,</strong></span> <span class='ocrx_word' id='word_1_130' title='bbox 963 3418 1009 3505; x_wconf 7' lang='lat' dir='ltr'><strong>put</strong></span> <span class='ocrx_word' id='word_1_131' title='bbox 1029 3429 1101 3475; x_wconf 88' lang='lat' dir='ltr'><strong>mos</strong></span> <span class='ocrx_word' id='word_1_132' title='bbox 1123 3420 1172 3476; x_wconf 89' lang='lat' dir='ltr'><strong>est</strong></span> 
     </span>
     <span class='ocr_line' id='line_1_24' title="bbox 117 3513 1174 3622; baseline -0.005 -29"><span class='ocrx_word' id='word_1_133' title='bbox 117 3519 254 3622; x_wconf 90' lang='lat' dir='ltr'><strong>puellis,</strong></span> <span class='ocrx_word' id='word_1_134' title='bbox 272 3549 342 3594; x_wconf 90' lang='lat' dir='ltr'><strong>non</strong></span> <span class='ocrx_word' id='word_1_135' title='bbox 365 3520 512 3620; x_wconf 81' lang='lat' dir='ltr'><strong>patitur3</strong></span> <span class='ocrx_word' id='word_1_136' title='bbox 536 3518 683 3618; x_wconf 83' lang='lat' dir='ltr'><strong>totisque</strong></span> <span class='ocrx_word' id='word_1_137' title='bbox 707 3514 830 3612; x_wconf 83' lang='lat' dir='ltr'><strong>ingenii</strong></span> <span class='ocrx_word' id='word_1_138' title='bbox 853 3513 978 3588; x_wconf 84' lang='lat' dir='ltr'><strong>viribus</strong></span> <span class='ocrx_word' id='word_1_139' title='bbox 1003 3517 1174 3610; x_wconf 82' lang='lat' dir='ltr'><strong>contendit</strong></span> 
     </span>
     <span class='ocr_line' id='line_1_25' title="bbox 117 3628 1172 3735; baseline -0.005 -25"><span class='ocrx_word' id='word_1_140' title='bbox 117 3635 286 3710; x_wconf 87' lang='lat' dir='ltr'><strong>Tibullum</strong></span> <span class='ocrx_word' id='word_1_141' title='bbox 300 3635 472 3734; x_wconf 87' lang='lat' dir='ltr'><strong>scripsisse</strong></span> <span class='ocrx_word' id='word_1_142' title='bbox 482 3633 630 3733; x_wconf 80' lang='lat' dir='ltr'><strong>dcrepere,</strong></span> <span class='ocrx_word' id='word_1_143' title='bbox 648 3632 737 3732; x_wconf 88' lang='lat' dir='ltr'><strong>quod</strong></span> <span class='ocrx_word' id='word_1_144' title='bbox 750 3656 848 3702; x_wconf 91' lang='lat' dir='ltr'><strong>anum</strong></span> <span class='ocrx_word' id='word_1_145' title='bbox 859 3628 1019 3735; x_wconf 56' lang='lat' dir='ltr'><strong>infirmam</strong></span> <span class='ocrx_word' id='word_1_146' title='bbox 1033 3631 1172 3705; x_wconf 87' lang='lat' dir='ltr'><strong>sortasse</strong></span> 
     </span>
     <span class='ocr_line' id='line_1_26' title="bbox 120 3741 853 3846; baseline -0.011 -25"><span class='ocrx_word' id='word_1_147' title='bbox 120 3749 268 3838; x_wconf 87' lang='lat' dir='ltr'><strong>decebat,</strong></span> <span class='ocrx_word' id='word_1_148' title='bbox 284 3749 416 3823; x_wconf 90' lang='lat' dir='ltr'><strong>minime</strong></span> <span class='ocrx_word' id='word_1_149' title='bbox 431 3776 508 3821; x_wconf 88' lang='lat' dir='ltr'><strong>vero</strong></span> <span class='ocrx_word' id='word_1_150' title='bbox 523 3746 686 3844; x_wconf 91' lang='lat' dir='ltr'><strong>juniorem</strong></span> <span class='ocrx_word' id='word_1_151' title='bbox 700 3741 853 3846; x_wconf 90' lang='lat' dir='ltr'><strong>puellam.</strong></span> 
     </span>
    </p>
   </div>
   <div class='ocr_carea' id='block_1_11' title="bbox 540 3936 756 3992">
    <p class='ocr_par' dir='ltr' id='par_1_11' title="bbox 540 3936 756 3992">
     <span class='ocr_line' id='line_1_27' title="bbox 540 3936 756 3992; baseline -0.005 -1"><span class='ocrx_word' id='word_1_152' title='bbox 540 3936 756 3992; x_wconf 70' lang='lat' dir='ltr'><strong>ulutatus.</strong></span> 
     </span>
    </p>
   </div>
   <div class='ocr_carea' id='block_1_12' title="bbox 173 4075 1176 4177">
    <p class='ocr_par' dir='ltr' id='par_1_12' title="bbox 173 4075 1176 4177">
     <span class='ocr_line' id='line_1_28' title="bbox 173 4075 1176 4177; baseline -0.004 -22"><span class='ocrx_word' id='word_1_153' title='bbox 173 4083 381 4170; x_wconf 82' lang='lat' dir='ltr'><strong>Praemoneo,</strong></span> <span class='ocrx_word' id='word_1_154' title='bbox 394 4080 515 4168; x_wconf 88' lang='lat' dir='ltr'><strong>editor,</strong></span> <span class='ocrx_word' id='word_1_155' title='bbox 534 4107 576 4153; x_wconf 90' lang='lat' dir='ltr'><strong>ue</strong></span> <span class='ocrx_word' id='word_1_156' title='bbox 590 4077 664 4152; x_wconf 89' lang='lat' dir='ltr'><strong>talia</strong></span> <span class='ocrx_word' id='word_1_157' title='bbox 677 4077 839 4154; x_wconf 86' lang='lat' dir='ltr'><strong>admittas.</strong></span> <span class='ocrx_word' id='word_1_158' title='bbox 855 4075 1086 4151; x_wconf 84' lang='lat' dir='ltr'><strong>Brouclrhusio</strong></span> <span class='ocrx_word' id='word_1_159' title='bbox 1100 4105 1176 4177; x_wconf 84' lang='lat' dir='ltr'><strong>per-</strong></span> 
     </span>
    </p>
   </div>
   <div class='ocr_carea' id='block_1_13' title="bbox 0 0 1370 4762">
    <p class='ocr_par' dir='ltr' id='par_1_13' title="bbox 0 0 1370 4762">
     <span class='ocr_line' id='line_1_29' title="bbox 0 0 1370 4762; baseline 0 0"><span class='ocrx_word' id='word_1_160' title='bbox 0 0 1370 4762; x_wconf 95' lang='lat' dir='ltr'><strong> </strong></span> 
     </span>
    </p>
   </div>
  </div>
 </body>
</html>
