2828 4762
103 416 105 420 v
203 328 248 413 to
532 330 685 397 ιιιιιι
717 331 948 437 rreum

202 470 323 546 Nudus
341 488 373 544 et
389 468 536 544 hibernae
555 471 712 572 producis
727 472 850 568 frigora
867 473 1004 561 brumae,

253 590 372 663 Nudus
389 606 421 663 et
437 588 540 662 aestivi
561 605 709 689 tempora
726 590 811 663 sicca
831 591 941 664 Canis.
1160 685 1162 696 Υ

203 703 257 777 sic
277 731 361 799 ego:
381 719 450 776 tum
467 701 588 775 Bacchi
606 704 786 802 respondet
801 704 923 776 rustica
940 700 1065 803 proles,

250 825 408 897 Armatus
424 850 521 895 curva
539 821 585 895 sic
605 821 686 894 mibi
703 821 785 896 falce
804 822 907 898 deus:

203 939 254 1012 0!
273 940 349 1035 luge
367 956 399 1012 te
413 957 531 1012 tenerae
548 966 729 1038 puerorum
746 939 877 1013 credere
895 939 1023 1013 turbae:

252 1057 337 1129 Nam
357 1083 485 1130 causam
502 1055 581 1154 justi
600 1084 730 1156 semper
745 1055 869 1131 amoris
886 1056 1019 1129 habent
1245 1092 1274 1125 ιο

203 1156 268 1246 lti'c
286 1172 409 1273 placet,
428 1172 579 1267 angustis
591 1172 687 1273 quod
707 1200 828 1272 equum
847 1171 1023 1273 compesci!
1040 1170 1195 1258 habenis3

204 1340 289 1395 ditum
308 1360 364 1395 esse
378 1340 529 1402 declaraus;
549 1339 595 1394 sed
611 1339 713 1393 codices
763 1338 969 1402 declaravimus;
985 1340 1026 1394 hic
1037 1340 1178 1409 Virgilium
1191 1339 1274 1392 babe-

202 1437 310 1483 omnes,
321 1438 376 1471 uno
385 1418 453 1487 Lips.
464 1429 581 1487 excepto,
590 1417 657 1470 banc
665 1435 713 1469 vo·
762 1426 834 1482 mus,
853 1420 897 1488 qui
908 1439 936 1472 se
949 1419 1056 1472 Tibullo
1068 1419 1162 1472 vadem
1174 1417 1251 1470 often
1264 1438 1272 1479 ς

202 1496 287 1550 culam
300 1497 459 1565 exprimunt.
472 1496 572 1549 Nititur
584 1496 711 1564 praecipue
763 1517 825 1552 nam
834 1497 877 1551 ille
887 1501 985 1551 Dorr'ca
995 1507 1082 1551 castra
1089 1496 1200 1565 scripsit,
1209 1495 1273 1548 AEn.

205 1572 280 1627 Voss.
297 1574 479 1628 observatione
493 1574 569 1628 Statii
583 1573 710 1626 dicentis:
765 1579 811 1641 ll,
826 1597 891 1630 vers.
906 1598 946 1644 ²7·

204 1671 217 1696 e
234 1652 356 1705 Numero
374 1662 413 1705 est
432 1672 493 1706 usus
509 1671 563 1705 ase
582 1670 638 1705 non
651 1650 712 1703 alibi
791 1652 1273 1727 7.Sa'ccgoeteDePriapoinexcursu

201 1730 377 1798 frequentato.
397 1730 440 1784 sie
452 1731 524 1783 enim
543 1730 599 1782 iere
617 1738 712 1799 penta-
762 1732 794 1785 ad
803 1732 944 1786 voluminis
953 1733 1051 1786 calcem
1060 1732 1143 1785 sosius
1152 1749 1270 1799 agemus,

202 1820 318 1861 metrum
333 1809 408 1873 sarit,
422 1809 495 1878 prior
508 1818 536 1861 ut
548 1827 622 1877 pars,
640 1805 711 1876 qnod
762 1829 834 1865 nuuc
856 1831 918 1864 vero
938 1809 1014 1864 nobis
1027 1812 1062 1863 H.
1082 1813 1156 1863 Voss.
1174 1820 1271 1862 nerum

201 1885 234 1938 ad
244 1898 394 1955 temporum
402 1888 532 1940 rationem
544 1886 652 1952 attinet,
663 1903 712 1953 po-
762 1889 904 1959 abigendns
913 1899 958 1942 est.
971 1890 996 1942 ls
1007 1887 1078 1942 eninr
1091 1897 1216 1942 consueto
1225 1885 1272 1936 im·

202 1965 298 2017 sterior
309 1984 364 2018 esse
377 1984 432 2018 non
445 1966 540 2034 possit,
557 1964 605 2018 nisi
618 1973 711 2033 poste·
762 1967 882 2021 mutandi
895 1967 984 2020 lurore
996 1969 1132 2030 inritatos,
1145 1966 1223 2018 verba
1234 1968 1272 2016 sa'c

203 2041 279 2095 rioris
287 2060 391 2096 caesura
401 2045 486 2112 pessit
497 2042 649 2114 trisyllabus.
660 2042 713 2094 Aur
761 2050 826 2100 mitt
834 2045 972 2114 expungit,
985 2045 1124 2112 scribitque
1136 2047 1214 2095 Falce
1227 2047 1271 2093 me·-

203 2116 713 2189 igiturpentametriprioriscaesurtcpes
761 2134 839 2175 nante
866 2126 934 2174 deas.
958 2122 1081 2173 Muretus
1111 2130 1222 2173 testatur
1241 2119 1270 2171 iu

202 2199 331 2265 posterior
337 2209 375 2252 est
386 2198 548 2270 trisyllabus,
560 2207 604 2250 aut
616 2195 713 2265 itaqui·
762 2199 918 2270 quibusdam
934 2199 1004 2250 libris
1020 2197 1070 2266 legi
1081 2217 1088 2250 ε
1100 2203 1140 2251 sic·
1149 2217 1208 2265 ego.
1231 2204 1272 2252 sr'c

203 2273 264 2326 dem
285 2295 312 2329 se
336 2275 389 2346 ipse
412 2277 506 2342 habet,
525 2286 555 2327 ut
577 2273 712 2328 transferri
761 2281 877 2337 Baetim
890 2286 1086 2346 pentametrum
1102 2278 1203 2329 veroin
1216 2277 1271 2331 aliis

203 2353 351 2423 invenique
367 2365 474 2425 propter
494 2364 646 2424 temporum
666 2373 713 2404 ra·
761 2357 850 2410 deesse
864 2396 871 2422 ,
885 2358 946 2410 etin
960 2356 1078 2425 margine
1094 2356 1192 2409 litteras
1201 2376 1271 2409 con-

202 2429 303 2483 tionem
324 2444 411 2501 partes
431 2451 486 2485 non
500 2432 607 2501 possint·
621 2453 634 2476 ν
648 2431 713 2482 llaec
760 2435 822 2504 spiri
836 2450 944 2489 renone.
957 2435 1031 2488 ldem
1046 2435 1179 2487 Muretus:
1188 2456 1200 2478 κ
1212 2436 1273 2490 Hoc

203 2505 280 2563 Statii
303 2514 394 2581 opinio
421 2512 568 2565 innumeris
589 2508 714 2578 exemplis
762 2511 1165 2584 locoplurosversusdesiderat,
1179 2512 1274 2580 quibus

202 2590 493 2662 confutatur,quorum
504 2587 713 2645 Boethius-nia
761 2592 839 2660 paulo
855 2591 960 2645 liberius
978 2589 1129 2660 quippiam,
1148 2601 1174 2643 et
1195 2590 1274 2660 paulo

204 2680 310 2724 tantum
323 2669 713 2739 notat,vid.Eleg.Vl,vers.
762 2668 1274 2739 magiae:hujusdeiconsuetodinedi-
1365 2669 1368 2675 ’

202 2747 249 2813 64;
263 2746 305 2801 lib.
324 2751 368 2816 ll,
388 2740 461 2818 Etegi
474 2765 499 2815 r,
521 2767 587 2799 vers.
603 2745 650 2808 35,
669 2741 713 2795 llb·
761 2762 834 2804 rtum
841 2762 924 2811 esset3
936 2773 949 2795 ν
961 2749 1120 2813 Huscbkius,
1131 2750 1174 2817 qui
1183 2760 1273 2802 tamen

205 2826 469 2899 tV‚Eteg.1v,vere
493 2828 528 2881 ι6.
762 2828 816 2881 aliis
831 2830 856 2881 in
878 2828 939 2881 locis
955 2837 1039 2880 textus
1052 2845 1106 2879 sese
1121 2826 1204 2878 tadum
1225 2847 1273 2881 cu·

237 2910 261 2975 5ἰ
279 2912 411 2962 Producis.
425 2907 534 2977 Proprie
543 2908 717 2973 producuntur
761 2904 863 2959 stodem
876 2914 994 2973 prestat,
1013 2903 1069 2967 bic,
1080 2903 1168 2955 nescio
1179 2923 1230 2972 qua
1243 2924 1271 2958 re

203 2985 341 3050 convivia,
353 2986 424 3039 lusus
433 3025 441 3050 ,
450 2984 501 3054 qoci
512 3023 519 3049 ,
531 3003 579 3053 per
591 2991 712 3041 nortem
762 2983 897 3051 impulsus,
909 3000 1014 3050 quoque
1025 2999 1099 3033 suam
1112 2981 1271 3036 immutatio-

203 3063 266 3117 biuc
283 3073 310 3115 et
333 3063 387 3133 ipsa
405 3083 464 3117 nox.
490 3063 606 3131 Simplex
624 3064 714 3114 ducere
762 3061 1076 3125 amiterninam,
1090 3067 1266 3130 prosicnr'he',

202 3141 368 3210 frequentius
383 3153 439 3196 est:
457 3141 598 3196 sedetiam
618 3143 714 3192 trahere
763 3140 813 3209 legi
820 3140 921 3209 jubens.

204 3219 315 3273 dicimus
332 3230 453 3282 noctem;
473 3219 524 3273 vid.
548 3218 654 3271 AEneid.
670 3217 713 3272 lib.
793 3239 818 3292 q.
839 3226 877 3272 tt.'
881 3220 948 3287 suge
957 3229 1006 3272 etr.
1014 3218 1140 3289 Scaliger,
1149 3221 1193 3290 qui
1204 3241 1270 3275 ver-

204 3298 234 3364 l,
254 3317 320 3351 vers.
342 3302 403 3366 7523
424 3299 488 3351 item
499 3301 638 3354 attrahere.
661 3317 713 3350 ex·
760 3297 937 3366 susquosdam
952 3295 1207 3367 intercidisseputat,
1222 3298 1271 3354 hoc

202 3380 315 3439 tendere,
331 3381 451 3437 educeret
466 3375 524 3431 vide
536 3378 662 3431 Burman.
679 3375 712 3429 ad
761 3376 889 3429 distichon
902 3377 982 3428 alium
994 3376 1020 3426 in
1034 3375 1119 3428 lorum
1130 3378 1270 3443 transtulit,

205 3456 294 3509 Valer.
314 3456 416 3526 Argon.
428 3455 471 3509 lib.
490 3457 517 3514 l.
538 3475 605 3508 vers.
626 3460 671 3508 251
686 3465 712 3508 et
761 3473 859 3525 magno
871 3454 946 3507 seriei
961 3454 1130 3508 detrimento.

205 3536 238 3591 ad
251 3536 331 3592 Ovid.
347 3537 456 3590 Metam.
473 3535 514 3589 lib.
533 3537 561 3600 l,
573 3555 638 3589 vers.
652 3534 712 3596 6833
798 3551 835 3584 ιο.
855 3535 920 3584 Naar
930 3533 1164 3600 causamjasn'etr.
1175 3532 1271 3586 Simil-

206 3615 297 3668 conler
309 3615 340 3668 ad
352 3614 415 3667 AEn.
428 3614 471 3667 lib.
486 3615 552 3668 Vlll
563 3653 571 3680 ,
583 3633 618 3667 vs.
627 3616 668 3684 94
676 3615 712 3666 H.
761 3612 839 3665 limus
855 3623 893 3665 est
912 3611 1001 3665 Ovidii
1022 3612 1093 3665 locus
1110 3611 1143 3664 de
1164 3612 1271 3681 puellis:

237 3695 263 3746 6.
279 3696 398 3759 Tempora
408 3698 480 3747 sr'cca
494 3691 580 3744 Canis.
594 3692 714 3745 Broock·
762 3713 775 3735 «
788 3689 905 3742 Centum
917 3700 978 3743 sunt
987 3708 1070 3743 causae
1079 3708 1183 3758 curego
1194 3709 1271 3743 sem-

207 3771 297 3826 busius
314 3774 438 3826 exclamat
460 3791 466 3824 :
484 3771 572 3824 odiosa
591 3771 713 3838 repetitio
761 3787 808 3838 per
819 3786 914 3821 amem.
929 3789 943 3813 ν

203 3850 361 3920 syllabarum
371 3870 411 3904 ca,
420 3869 460 3903 ca.
468 3851 543 3903 Voss.
551 3851 713 3919 supervenit,
797 3865 834 3899 rr.
849 3849 1006 3913 Hr'cplacet.
1021 3848 1214 3914 angastr'spaod
1221 3857 1271 3902 etc.

207 3939 235 3982 et
245 3948 316 3983 sera
329 3929 409 3982 textui
422 3927 520 3992 inserit.
539 3927 580 3980 l)e
596 3927 712 4000 syllaba·
762 3927 905 3998 Equitandi
925 3928 1043 3997 peritiam
1067 3947 1121 3980 uno
1137 3928 1198 3981 artis
1218 3949 1270 3999 ge-

203 4024 265 4057 rum
282 4006 519 4075 geminationibus,
538 4005 601 4074 quid
613 4006 713 4059 sentia·
761 4029 826 4063 nere
843 4009 964 4078 exprimit
976 4008 1057 4075 inlra,
1070 4008 1112 4062 lib.
1124 4007 1174 4074 lV,
1189 4009 1228 4063 Et
1240 4027 1268 4074 1,

204 4102 264 4136 mus
274 4084 328 4151 jam
347 4083 379 4137 ad
399 4085 497 4155 Elegio
514 4083 606 4154 primae
625 4104 661 4138 vs.
683 4089 712 4152 5,
761 4104 828 4140 vers.
838 4105 880 4156 qa.
896 4085 932 4138 H.
