2828 4762
225 393 261 435 m
558 371 698 438 ALBII
724 371 942 439 TIBULLI
974 396 977 402 ⁴

265 511 311 583 Et
326 510 493 584 dominam
509 528 621 587 tenero
639 513 819 587 detinuisse
837 512 935 585 sinu!
954 520 955 523 ’

218 627 288 700 Aut
303 626 425 722 gelidas
443 627 603 703 liibemus
621 657 721 730 aquas
740 655 842 729 quum
859 627 980 702 fuderit
997 629 1136 716 Auster,

267 742 425 816 Securum
440 772 591 833 somnos,
611 744 715 817 imbre
729 744 882 842 juvante,
898 743 1014 842 sequi!

220 857 293 929 Hoc
309 858 390 930 mihi
407 860 600 954 contingat:
619 860 663 933 sit
679 857 770 933 dives
785 859 877 958 jure,
894 859 1040 932 furorem

268 971 338 1065 Qui
356 972 474 1057 maris,
491 991 525 1047 et
541 972 650 1045 tristes
667 972 750 1044 ferre
768 988 880 1071 potest
896 971 1035 1071 pluvias.

223 1082 255 1154 Ο
275 1101 433 1182 quantum
450 1102 501 1157 est
516 1083 586 1158 auri
601 1085 716 1184 potius
731 1102 908 1184 pereatque
922 1081 1118 1181 smaragdi,

269 1198 379 1292 Quam
395 1199 471 1272 lleat
487 1199 531 1271 ob
547 1217 677 1273 nostras
693 1198 760 1272 ulla
775 1199 887 1300 puella
901 1199 980 1273 vias.

220 1314 268 1386 Te
285 1312 406 1388 bellare
421 1315 515 1413 decet
532 1332 636 1402 terra,
654 1314 812 1404 Messala,
830 1315 996 1416 marique,

253 1476 293 1542 46.
300 1476 423 1546 Vulgaris
430 1477 505 1531 lectio
513 1488 553 1530 est
562 1483 721 1538 continuisse,
775 1477 817 1532 111
830 1478 921 1529 Amor.
934 1477 1007 1546 Eleg.
1021 1493 1057 1542 rr,
1071 1495 1137 1530 vers.
1151 1496 1168 1547 9
1180 1493 1187 1528 :
1200 1494 1214 1519 u
1225 1474 1284 1524 Hoc

221 1555 266 1608 sed
280 1557 306 1609 in
319 1575 373 1608 uno
385 1556 503 1610 Palatino
515 1555 727 1609 emendatissimo
774 1557 982 1621 mr'ds'conie'npat,
994 1572 1066 1606 sacro
1076 1553 1218 1606 decarcere
1226 1551 1284 1603 mis·

221 1643 249 1684 et
260 1633 287 1685 in
300 1632 353 1685 aliis
361 1631 530 1701 quibusdam,
541 1635 675 1687 detinuisse
684 1632 727 1685 le·
774 1631 808 1685 sis
821 1632 942 1685 Insistam
961 1630 1025 1686 sorti
1044 1643 1133 1686 mente
1150 1629 1285 1706 vehendus

221 1711 308 1779 girum
320 1722 346 1764 et
353 1721 392 1763 est
402 1729 464 1762 sane
476 1710 625 1780 elegantius.
638 1711 727 1782 Heyn.
776 1711 857 1778 equis.
866 1731 880 1757 u

221 1788 255 1842 de
274 1787 410 1857 complexu
426 1788 517 1857 puellae
537 1795 662 1842 continere
677 1789 727 1843 diei
808 1790 849 1840 50.
877 1790 972 1841 Tristes
986 1785 1057 1852 firm
1075 1796 1160 1856 potest
1175 1790 1284 1854 pierias.
1352 1826 1354 1832 ,

221 1885 277 1918 non
283 1863 460 1932 meminit,qui
469 1875 556 1917 tamen
564 1865 631 1919 hanc
641 1864 727 1918 lectio·
776 1864 907 1920 Broucth.
919 1884 951 1917 ex
964 1866 1066 1920 Heinsii
1077 1865 1282 1928 emendatione,

222 1963 285 1997 nem
299 1946 326 1997 in
339 1942 424 2011 priore
437 1942 552 1997 editione
565 1955 726 2010 servaverat;
777 1954 803 1996 et
821 1944 847 1996 J.
867 1943 904 1996 H.
921 1944 996 1996 Voss.
1014 1944 1139 2012 scripsere
1157 1945 1283 2019 Hyadas,

222 2021 295 2090 Virg.
307 2022 335 2074 in
345 2021 516 2086 AEnlvavs.
526 2022 573 2088 84,
587 2022 637 2075 ait:
650 2020 728 2076 «Aut
777 2040 835 2092 qute
849 2033 876 2076 et
888 2023 1003 2076 orientes
1012 2031 1040 2075 et
1052 2021 1199 2075 occidentes
1212 2030 1286 2072 tem-

222 2101 321 2169 gremio
330 2101 727 2171 Ascanium,genitorisimagine
777 2095 1285 2171 pestatemexeitarecredebantur-ssm-

223 2186 312 2244 capta,
324 2178 436 2239 Detinet,
453 2176 593 2230 infandum
604 2178 625 2231 si
639 2176 728 2231 fallere
777 2180 887 2233 neslibri
896 2179 1089 2232 consentientes
1101 2175 1224 2229 exhibent
1230 2179 1286 2243 plu·

225 2252 304 2322 possit
315 2271 440 2306 amorem.
453 2275 466 2300 s
778 2263 838 2310 vias.
856 2258 947 2325 ltaque
961 2255 1124 2323 conjecturas
1135 2252 1224 2307 missas
1239 2252 1286 2305 sa-

257 2333 349 2401 47-48.
363 2333 427 2386 Erat
439 2333 549 2401 vulgaris
564 2333 657 2399 lectio,
674 2338 730 2402 igne
777 2336 884 2400 ciamus,
892 2353 925 2387 ne
931 2333 1036 2387 Tibullo
1042 2334 1151 2403 gratiam
1159 2332 1286 2384 nativam·

216 2408 731 2481 juranteAEcaligerprimusreposuitim-
778 2431 828 2480 que
839 2410 1029 2478 simplicitatem
1041 2409 1230 2462 detrahamus,

226 2486 380 2552 declarante
395 2485 568 2557 (suffragante
583 2487 669 2542 Guels.
683 2487 730 2558 a),
811 2495 849 2544 51.
862 2490 957 2541 Potius*
961 2499 1100 2557 pereatque.
1122 2488 1203 2540 Hune
1222 2506 1287 2540 ver-

226 2581 285 2633 quae
295 2563 371 2618 lectio
382 2565 483 2635 egregie
495 2567 667 2622 confirmatur
675 2569 731 2621 loco
781 2569 877 2621 borum
888 2566 1010 2621 ordinem
1021 2587 1053 2620 ex
1067 2586 1120 2620 uno
1132 2565 1220 2619 codice
1228 2565 1291 2619 Sta-

226 2641 374 2711 Sophoclis,
387 2642 430 2711 qui
445 2640 539 2713 legitur
547 2645 615 2715 apud
629 2645 733 2700 Cicero-
778 2647 851 2701 tiano
860 2647 966 2701 refinxit
974 2645 1184 2710 Brouekhusius,
1196 2655 1224 2700 et
1234 2646 1289 2712 iam

228 2739 307 2787 nesn,
319 2721 362 2775 lib.
375 2723 419 2788 ll,
435 2723 517 2792 Epist.
531 2747 543 2796 7
555 2725 587 2778 ad
601 2725 732 2778 Atticum:
780 2726 913 2795 Livineius
932 2727 968 2779 ita
987 2725 1142 2793 conjecerat.
1166 2723 1290 2791 Vulgaris

227 2803 365 2854 Nuncvero
373 2822 445 2870 quum
455 2823 533 2870 cogar
540 2809 608 2857 exire
616 2807 649 2856 de
659 2809 731 2867 nasi,
778 2803 856 2857 lectio
868 2812 908 2857 est
915 2809 1004 2870 pereat
1007 2807 1146 2868 potiusque.
1160 2799 1238 2869 Apud
1251 2799 1289 2852 H.

229 2897 279 2929 reon
290 2879 398 2944 abjectis
408 2884 456 2932 sed
466 2885 570 2947 receptis
579 2884 733 2947 gubernacu-
780 2885 857 2936 voss.
878 2880 1034 2935 vocabulum
1057 2881 1188 2945 snampdi
1205 2878 1291 2930 littera

227 2959 273 3016 Iis,
287 2961 360 3023 cupio
370 2962 472 3010 istorum
480 2958 616 3026 naufraffl'a
627 2977 660 3011 ex
669 2969 735 3011 tma
780 2960 802 3012 Z
819 2958 911 3029 incipit
924 2979 931 3021 ;
945 2975 1023 3025 quam
1034 2956 1208 3025 scripturam,
1221 2953 1289 3008 duee

230 3038 335 3098 cirinen}
345 3040 428 3101 cupio,
444 3042 684 3090 ataittuusamices
692 3038 734 3090 So·
781 3036 971 3102 Brouclshusio,
980 3053 1088 3106 operose
1098 3032 1231 3100 defendit,
1240 3032 1287 3086 sed

226 3115 342 3179 piocles,
360 3123 398 3167 καὶ
415 3119 455 3168 tsi
467 3120 534 3189 στέγῃ
554 3119 736 3176 tessinheim
782 3133 919 3184 perperam
937 3132 943 3166 :
966 3114 1001 3166 ait
1018 3113 1092 3166 enim
1107 3111 1255 3165 Priscianus
1271 3111 1294 3163 S

233 3191 328 3257 prediis
345 3195 438 3266 irrue,
463 3201 530 3266 ppt-st.
552 3194 668 3260 laharpe
685 3192 736 3245 hoe
781 3211 883 3262 quoque,
896 3191 1293 3261 sequenteddutdaeymo,saea-

232 3265 359 3320 distichon
372 3279 398 3321 et
409 3271 542 3338 superiora
551 3271 587 3325 sic
596 3271 685 3325 vertit:
782 3268 1019 3336 raptim—Vitium
1029 3267 1128 3321 faciunt
1139 3266 1184 3336 qui
1195 3267 1217 3319 Z
1228 3277 1289 3320 ante

231 3357 695 3408 sen‘aipoimmgoemteutntemanum,
784 3346 815 3399 M
836 3347 960 3399 scribunt
984 3347 1128 3416 Nunquam
1149 3343 1221 3398 enim
1236 3344 1293 3397 du-

257 3437 613 3493 conrensdemonebamptmyle,
784 3425 840 3495 ples
848 3425 875 3478 in
883 3425 1075 3498 eapitesyllabae
1084 3434 1236 3494 potestcum
1244 3423 1294 3476 alia

233 3516 345 3553 (lontentde
356 3529 433 3566 mposer
445 3531 478 3555 sur
486 3519 504 3555 la
513 3520 584 3558 souche
595 3519 713 3570 tranquille,
783 3504 857 3573 jungi
872 3514 1042 3558 consonante.
1056 3505 1176 3556 Lucanus
1188 3519 1294 3570 quoque

258 3592 290 3630 Oia
298 3591 315 3629 le
323 3592 411 3629 sommeil
419 3592 478 3630 sermo
486 3608 527 3631 mes
536 3609 595 3646 jeus.
785 3581 835 3635 llOC
842 3582 957 3637 odiendll
963 3582 990 3636 lu
998 3582 1042 3636 lll)
1048 3584 1073 3635 x
1081 3623 1089 3648 ‚
1098 3601 1133 3635 VS.
1144 3601 1186 3633 121
1195 3600 1201 3633 :
1214 3581 1295 3646 1,(ΓὸΙὶ

259 3671 302 3710 oh!
318 3673 366 3722 qu’it
374 3673 477 3719 aarum,
488 3672 566 3724 lorsque
574 3674 592 3710 t·
601 3672 654 3723 plui«
785 3662 873 3712 sedent
880 3663 964 3711 crebro
971 3663 1085 3712 maculas
1096 3662 1215 3712 distincta
1223 3674 1296 3708 sma-

182 3779 185 3784 .
260 3744 279 3782 A
289 3745 337 3794 petit
345 3744 397 3782 hmit
405 3744 468 3783 tombe-
478 3745 511 3783 des
519 3747 591 3793 eicos,
785 3743 870 3806 raldo.
880 3737 1052 3792 Namsiesset
1063 3737 1153 3789 Zante
1167 3734 1213 3798 M,
1225 3732 1295 3786 sul)-

236 3823 436 3862 onesta-'nl'aunii
447 3823 701 3873 d'unsommsilgrseienx!
787 3813 854 3867 trahi
872 3815 900 3867 in
918 3825 1004 3867 metro
1021 3814 1130 3867 minime
1147 3820 1252 3879 possel;
1274 3808 1294 3862 S

235 3904 585 3955 Qu'itenplasmatorem—,inuit
593 3904 740 3954 prdsdeDe'lie,
788 3894 860 3948 enim
872 3894 899 3946 in
911 3904 997 3948 metro
1005 3911 1071 3962 πρε
1084 3890 1137 3941 Vim
1145 3906 1296 3942 consonan-

237 3984 266 4019 De
275 3995 294 4019 se
305 3985 365 4022 sentit
372 3988 437 4035 prend
445 3986 492 4023 dans
501 3997 530 4022 ses
539 3984 582 4022 lame
589 3997 710 4029 amoureux,
789 3974 820 4027 ils
831 3973 934 4026 amillll.
948 3973 1075 4026 HUSCBK·

239 4062 264 4097 m
271 4060 381 4099 d'eotentlre
392 4064 456 4113 mugit
463 4063 556 4114 l'aquilon
562 4075 586 4100 en
592 4060 656 4098 furiet
812 4058 851 4107 52,
863 4053 902 4104 Ob
908 4054 1101 4111 uoslms...vt'as‚
1113 4046 1208 4100 itinera
1218 4063 1295 4114 nego·

270 4137 308 4203 49.
321 4138 379 4188 Hoc
392 4140 600 4204 mt'dt'contirgat.
616 4133 742 4202 Ovidius,
789 4131 904 4187 tiationis
921 4131 962 4184 vel
980 4130 1077 4185 militie
1096 4128 1203 4183 lucrose
1219 4143 1296 4180 causa
