<?xml version="1.0" encoding="UTF-8"?>
<!DOCTYPE html PUBLIC "-//W3C//DTD XHTML 1.0 Transitional//EN"
    "http://www.w3.org/TR/xhtml1/DTD/xhtml1-transitional.dtd">
<html xmlns="http://www.w3.org/1999/xhtml" xml:lang="en" lang="en">
 <head>
  <title>
</title>
<meta http-equiv="Content-Type" content="text/html;charset=utf-8" />
  <meta name='ocr-system' content='tesseract 3.04.00' />
  <meta name='ocr-capabilities' content='ocr_page ocr_carea ocr_par ocr_line ocrx_word'/>
</head>
<body>
  <div class='ocr_page' id='page_1' title='image "albiitibulliqua01golbgoog_0149.png"; bbox 0 0 2828 4762; ppageno 0'>
   <div class='ocr_carea' id='block_1_1' title="bbox 196 363 924 431">
    <p class='ocr_par' dir='ltr' id='par_1_1' title="bbox 196 363 924 431">
     <span class='ocr_line' id='line_1_1' title="bbox 196 363 924 431; baseline 0.008 -6"><span class='ocrx_word' id='word_1_1' title='bbox 196 363 238 426; x_wconf 77' lang='lat'>28</span> <span class='ocrx_word' id='word_1_2' title='bbox 272 419 279 431; x_wconf 73' lang='grc'>,</span> <span class='ocrx_word' id='word_1_3' title='bbox 518 363 668 431; x_wconf 83' lang='lat' dir='ltr'>ALBII</span> <span class='ocrx_word' id='word_1_4' title='bbox 695 363 924 431; x_wconf 89' lang='lat' dir='ltr'>TIBULLI</span> 
     </span>
    </p>
   </div>
   <div class='ocr_carea' id='block_1_2' title="bbox 193 488 1107 1180">
    <p class='ocr_par' dir='ltr' id='par_1_2' title="bbox 193 488 979 716">
     <span class='ocr_line' id='line_1_2' title="bbox 193 488 979 597; baseline 0.009 -28"><span class='ocrx_word' id='word_1_5' title='bbox 193 496 253 570; x_wconf 92' lang='lat' dir='ltr'>Ille</span> <span class='ocrx_word' id='word_1_6' title='bbox 272 496 348 572; x_wconf 87' lang='lat' dir='ltr'>licet</span> <span class='ocrx_word' id='word_1_7' title='bbox 364 488 503 575; x_wconf 87' lang='lat' dir='ltr'>Cilicum</span> <span class='ocrx_word' id='word_1_8' title='bbox 520 501 620 576; x_wconf 84' lang='lat' dir='ltr'>rictas</span> <span class='ocrx_word' id='word_1_9' title='bbox 637 521 712 597; x_wconf 78' lang='lat' dir='ltr'>agat</span> <span class='ocrx_word' id='word_1_10' title='bbox 727 519 801 575; x_wconf 90' lang='lat' dir='ltr'>ante</span> <span class='ocrx_word' id='word_1_11' title='bbox 817 521 979 591; x_wconf 85' lang='lat' dir='ltr'>catervas,</span> 
     </span>
     <span class='ocr_line' id='line_1_3' title="bbox 242 613 932 716; baseline 0.012 -32"><span class='ocrx_word' id='word_1_12' title='bbox 242 613 351 687; x_wconf 90' lang='lat' dir='ltr'>Ponat</span> <span class='ocrx_word' id='word_1_13' title='bbox 366 632 399 688; x_wconf 89' lang='lat' dir='ltr'>et</span> <span class='ocrx_word' id='word_1_14' title='bbox 417 615 451 687; x_wconf 87' lang='lat' dir='ltr'>in</span> <span class='ocrx_word' id='word_1_15' title='bbox 469 635 566 716; x_wconf 93' lang='lat' dir='ltr'>capto</span> <span class='ocrx_word' id='word_1_16' title='bbox 581 617 703 690; x_wconf 86' lang='lat' dir='ltr'>Martia</span> <span class='ocrx_word' id='word_1_17' title='bbox 720 635 824 690; x_wconf 89' lang='lat' dir='ltr'>castra</span> <span class='ocrx_word' id='word_1_18' title='bbox 840 617 932 706; x_wconf 89' lang='lat' dir='ltr'>solo,</span> 
     </span>
    </p>

    <p class='ocr_par' dir='ltr' id='par_1_3' title="bbox 196 727 993 946">
     <span class='ocr_line' id='line_1_4' title="bbox 196 727 993 826; baseline 0.011 -29"><span class='ocrx_word' id='word_1_19' title='bbox 196 727 304 801; x_wconf 87' lang='lat' dir='ltr'>Totus</span> <span class='ocrx_word' id='word_1_20' title='bbox 321 745 354 802; x_wconf 91' lang='lat' dir='ltr'>et</span> <span class='ocrx_word' id='word_1_21' title='bbox 372 749 508 826; x_wconf 82' lang='lat' dir='ltr'>argento</span> <span class='ocrx_word' id='word_1_22' title='bbox 528 748 720 821; x_wconf 82' lang='lat' dir='ltr'>contextus,</span> <span class='ocrx_word' id='word_1_23' title='bbox 740 750 835 806; x_wconf 90' lang='lat' dir='ltr'>totns·</span> <span class='ocrx_word' id='word_1_24' title='bbox 849 749 882 807; x_wconf 89' lang='lat' dir='ltr'>et</span> <span class='ocrx_word' id='word_1_25' title='bbox 897 761 993 821; x_wconf 88' lang='lat' dir='ltr'>auro,</span> 
     </span>
     <span class='ocr_line' id='line_1_5' title="bbox 245 843 891 946; baseline 0.009 -32"><span class='ocrx_word' id='word_1_26' title='bbox 245 843 389 919; x_wconf 75' lang='lat' dir='ltr'><strong>Insideat</strong></span> <span class='ocrx_word' id='word_1_27' title='bbox 406 845 502 921; x_wconf 87' lang='lat' dir='ltr'>celeri</span> <span class='ocrx_word' id='word_1_28' title='bbox 520 846 769 945; x_wconf 85' lang='lat' dir='ltr'>conspiciendus</span> <span class='ocrx_word' id='word_1_29' title='bbox 787 874 891 946; x_wconf 86' lang='lat' dir='ltr'>equo;</span> 
     </span>
    </p>

    <p class='ocr_par' dir='ltr' id='par_1_4' title="bbox 195 960 1107 1180">
     <span class='ocr_line' id='line_1_6' title="bbox 195 960 1107 1064; baseline 0.008 -34"><span class='ocrx_word' id='word_1_30' title='bbox 195 960 272 1060; x_wconf 88' lang='lat' dir='ltr'>lpse</span> <span class='ocrx_word' id='word_1_31' title='bbox 288 960 407 1050; x_wconf 85' lang='lat' dir='ltr'>boves,</span> <span class='ocrx_word' id='word_1_32' title='bbox 426 963 525 1036; x_wconf 91' lang='lat' dir='ltr'>modo</span> <span class='ocrx_word' id='word_1_33' title='bbox 542 964 603 1035; x_wconf 88' lang='lat' dir='ltr'>sim</span> <span class='ocrx_word' id='word_1_34' title='bbox 623 980 748 1051; x_wconf 88' lang='lat' dir='ltr'>tecum,</span> <span class='ocrx_word' id='word_1_35' title='bbox 766 992 838 1037; x_wconf 90' lang='lat' dir='ltr'>mea</span> <span class='ocrx_word' id='word_1_36' title='bbox 855 962 968 1050; x_wconf 86' lang='lat' dir='ltr'>Delia,</span> <span class='ocrx_word' id='word_1_37' title='bbox 982 964 1107 1064; x_wconf 89' lang='lat' dir='ltr'>possim</span> 
     </span>
     <span class='ocr_line' id='line_1_7' title="bbox 244 1076 1006 1180; baseline 0.007 -33"><span class='ocrx_word' id='word_1_38' title='bbox 244 1076 404 1172; x_wconf 76' lang='lat' dir='ltr'>Iungere,</span> <span class='ocrx_word' id='word_1_39' title='bbox 423 1079 508 1151; x_wconf 90' lang='lat' dir='ltr'>etin</span> <span class='ocrx_word' id='word_1_40' title='bbox 525 1076 597 1151; x_wconf 91' lang='lat' dir='ltr'>solo</span> <span class='ocrx_word' id='word_1_41' title='bbox 613 1106 744 1179; x_wconf 80' lang='lat' dir='ltr'>pascere</span> <span class='ocrx_word' id='word_1_42' title='bbox 761 1096 872 1152; x_wconf 86' lang='lat' dir='ltr'>monte</span> <span class='ocrx_word' id='word_1_43' title='bbox 890 1107 1006 1180; x_wconf 83' lang='lat' dir='ltr'>pecns3</span> 
     </span>
    </p>
   </div>
   <div class='ocr_carea' id='block_1_3' title="bbox 195 1228 1275 4200">
    <p class='ocr_par' dir='ltr' id='par_1_5' title="bbox 195 1228 1275 4200">
     <span class='ocr_line' id='line_1_8' title="bbox 197 1228 1254 1304; baseline 0.005 -22"><span class='ocrx_word' id='word_1_44' title='bbox 197 1228 276 1284; x_wconf 82' lang='lat' dir='ltr'>victas</span> <span class='ocrx_word' id='word_1_45' title='bbox 295 1233 346 1302; x_wconf 72' lang='lat' dir='ltr'>agit</span> <span class='ocrx_word' id='word_1_46' title='bbox 365 1245 497 1299; x_wconf 82' lang='lat' dir='ltr'>catervas,</span> <span class='ocrx_word' id='word_1_47' title='bbox 511 1238 579 1300; x_wconf 70' lang='lat' dir='ltr'>ipsc,</span> <span class='ocrx_word' id='word_1_48' title='bbox 602 1243 703 1285; x_wconf 83' lang='lat' dir='ltr'>amator</span> <span class='ocrx_word' id='word_1_49' title='bbox 785 1254 823 1301; x_wconf 85' lang='lat'>7¹·</span> <span class='ocrx_word' id='word_1_50' title='bbox 838 1233 1012 1287; x_wconf 66' lang='lat' dir='ltr'>Contentusad</span> <span class='ocrx_word' id='word_1_51' title='bbox 1020 1244 1119 1287; x_wconf 78' lang='lat' dir='ltr'>vestem</span> <span class='ocrx_word' id='word_1_52' title='bbox 1127 1235 1254 1304; x_wconf 85' lang='lat' dir='ltr'>pertinet,</span> 
     </span>
     <span class='ocr_line' id='line_1_9' title="bbox 198 1312 1255 1383; baseline -0.001 -18"><span class='ocrx_word' id='word_1_53' title='bbox 198 1312 307 1377; x_wconf 82' lang='lat' dir='ltr'>scilicet,</span> <span class='ocrx_word' id='word_1_54' title='bbox 320 1313 387 1383; x_wconf 91' lang='lat' dir='ltr'>apud</span> <span class='ocrx_word' id='word_1_55' title='bbox 400 1313 503 1367; x_wconf 80' lang='lat' dir='ltr'>Deliam</span> <span class='ocrx_word' id='word_1_56' title='bbox 517 1314 595 1367; x_wconf 83' lang='lat' dir='ltr'>boves</span> <span class='ocrx_word' id='word_1_57' title='bbox 604 1314 702 1381; x_wconf 77' lang='lat' dir='ltr'>jungat.</span> <span class='ocrx_word' id='word_1_58' title='bbox 751 1330 802 1379; x_wconf 88' lang='lat' dir='ltr'>qua</span> <span class='ocrx_word' id='word_1_59' title='bbox 808 1312 890 1365; x_wconf 84' lang='lat' dir='ltr'>victor</span> <span class='ocrx_word' id='word_1_60' title='bbox 897 1312 1255 1381; x_wconf 74' lang='lat' dir='ltr'>indutuscelen&#39;rirstiietequo,</span> 
     </span>
     <span class='ocr_line' id='line_1_10' title="bbox 197 1389 1256 1458; baseline 0.003 -16"><span class='ocrx_word' id='word_1_61' title='bbox 197 1389 444 1445; x_wconf 79' lang='lat' dir='ltr'>Brouckhusiusboc</span> <span class='ocrx_word' id='word_1_62' title='bbox 453 1391 509 1445; x_wconf 91' lang='lat' dir='ltr'>loco</span> <span class='ocrx_word' id='word_1_63' title='bbox 520 1390 602 1444; x_wconf 78' lang='lat' dir='ltr'>inulta</span> <span class='ocrx_word' id='word_1_64' title='bbox 611 1390 703 1443; x_wconf 86' lang='lat' dir='ltr'>crudi·</span> <span class='ocrx_word' id='word_1_65' title='bbox 752 1407 833 1456; x_wconf 89' lang='lat' dir='ltr'>quum</span> <span class='ocrx_word' id='word_1_66' title='bbox 842 1409 873 1442; x_wconf 79' lang='lat' dir='ltr'>ex</span> <span class='ocrx_word' id='word_1_67' title='bbox 882 1389 933 1443; x_wconf 88' lang='lat' dir='ltr'>acie</span> <span class='ocrx_word' id='word_1_68' title='bbox 943 1391 1097 1443; x_wconf 78' lang='lat' dir='ltr'>revertitur:</span> <span class='ocrx_word' id='word_1_69' title='bbox 1106 1389 1256 1458; x_wconf 76' lang='lat' dir='ltr'>itaquebaec</span> 
     </span>
     <span class='ocr_line' id='line_1_11' title="bbox 198 1464 1256 1537; baseline 0.002 -19"><span class='ocrx_word' id='word_1_70' title='bbox 198 1467 276 1520; x_wconf 85' lang='lat' dir='ltr'>tionis</span> <span class='ocrx_word' id='word_1_71' title='bbox 289 1467 372 1533; x_wconf 89' lang='lat' dir='ltr'>mole,</span> <span class='ocrx_word' id='word_1_72' title='bbox 387 1469 418 1522; x_wconf 91' lang='lat' dir='ltr'>de</span> <span class='ocrx_word' id='word_1_73' title='bbox 435 1469 509 1521; x_wconf 87' lang='lat' dir='ltr'>Sosio</span> <span class='ocrx_word' id='word_1_74' title='bbox 521 1468 635 1536; x_wconf 89' lang='lat' dir='ltr'>quodam</span> <span class='ocrx_word' id='word_1_75' title='bbox 647 1488 702 1520; x_wconf 88' lang='lat' dir='ltr'>ne·</span> <span class='ocrx_word' id='word_1_76' title='bbox 752 1466 831 1518; x_wconf 81' lang='lat' dir='ltr'>verba</span> <span class='ocrx_word' id='word_1_77' title='bbox 845 1464 877 1518; x_wconf 89' lang='lat' dir='ltr'>ad</span> <span class='ocrx_word' id='word_1_78' title='bbox 894 1486 1018 1537; x_wconf 83' lang='lat' dir='ltr'><strong>pompam</strong></span> <span class='ocrx_word' id='word_1_79' title='bbox 1030 1478 1144 1536; x_wconf 86' lang='lat' dir='ltr'>spectare</span> <span class='ocrx_word' id='word_1_80' title='bbox 1158 1468 1256 1520; x_wconf 84' lang='lat' dir='ltr'>viden-</span> 
     </span>
     <span class='ocr_line' id='line_1_12' title="bbox 198 1544 1256 1617; baseline 0.004 -20"><span class='ocrx_word' id='word_1_81' title='bbox 198 1545 250 1597; x_wconf 78' lang='lat' dir='ltr'>teio</span> <span class='ocrx_word' id='word_1_82' title='bbox 262 1545 323 1613; x_wconf 90' lang='lat' dir='ltr'>quid</span> <span class='ocrx_word' id='word_1_83' title='bbox 338 1545 462 1610; x_wconf 87' lang='lat' dir='ltr'>somniat,</span> <span class='ocrx_word' id='word_1_84' title='bbox 473 1556 501 1597; x_wconf 93' lang='lat' dir='ltr'>ut</span> <span class='ocrx_word' id='word_1_85' title='bbox 515 1550 540 1599; x_wconf 72' lang='lat' dir='ltr'>ri</span> <span class='ocrx_word' id='word_1_86' title='bbox 548 1547 592 1597; x_wconf 81' lang='lat' dir='ltr'>ille</span> <span class='ocrx_word' id='word_1_87' title='bbox 604 1544 635 1597; x_wconf 93' lang='lat' dir='ltr'>ad</span> <span class='ocrx_word' id='word_1_88' title='bbox 648 1564 714 1598; x_wconf 50' lang='lat' dir='ltr'>rer-¹</span> <span class='ocrx_word' id='word_1_89' title='bbox 752 1553 812 1609; x_wconf 87' lang='lat' dir='ltr'>tur,</span> <span class='ocrx_word' id='word_1_90' title='bbox 828 1564 878 1614; x_wconf 87' lang='lat' dir='ltr'>qua</span> <span class='ocrx_word' id='word_1_91' title='bbox 891 1545 943 1598; x_wconf 82' lang='lat' dir='ltr'>dux</span> <span class='ocrx_word' id='word_1_92' title='bbox 956 1547 1069 1617; x_wconf 74' lang='lat' dir='ltr'>praedam</span> <span class='ocrx_word' id='word_1_93' title='bbox 1081 1547 1149 1600; x_wconf 90' lang='lat' dir='ltr'>inter</span> <span class='ocrx_word' id='word_1_94' title='bbox 1160 1546 1256 1601; x_wconf 88' lang='lat' dir='ltr'>milites</span> 
     </span>
     <span class='ocr_line' id='line_1_13' title="bbox 199 1619 1256 1694; baseline 0.003 -21"><span class='ocrx_word' id='word_1_95' title='bbox 199 1633 256 1674; x_wconf 89' lang='lat' dir='ltr'>tum</span> <span class='ocrx_word' id='word_1_96' title='bbox 268 1622 403 1676; x_wconf 86' lang='lat' dir='ltr'>bominem</span> <span class='ocrx_word' id='word_1_97' title='bbox 412 1622 503 1675; x_wconf 76' lang='lat' dir='ltr'>referri</span> <span class='ocrx_word' id='word_1_98' title='bbox 513 1624 600 1691; x_wconf 79' lang='lat' dir='ltr'><strong>possit.</strong></span> <span class='ocrx_word' id='word_1_99' title='bbox 612 1624 702 1694; x_wconf 80' lang='lat' dir='ltr'>lleyn.</span> <span class='ocrx_word' id='word_1_100' title='bbox 752 1619 850 1676; x_wconf 86' lang='lat' dir='ltr'>dividit.</span> <span class='ocrx_word' id='word_1_101' title='bbox 858 1624 1256 1694; x_wconf 88' lang='lat' dir='ltr'>VulpiusputatboclocoTibul·</span> 
     </span>
     <span class='ocr_line' id='line_1_14' title="bbox 198 1697 1258 1772; baseline 0.004 -22"><span class='ocrx_word' id='word_1_102' title='bbox 198 1701 242 1767; x_wconf 84' lang='lat' dir='ltr'>qui</span> <span class='ocrx_word' id='word_1_103' title='bbox 256 1700 311 1755; x_wconf 82' lang='lat' dir='ltr'>baec</span> <span class='ocrx_word' id='word_1_104' title='bbox 329 1700 361 1753; x_wconf 93' lang='lat' dir='ltr'>ad</span> <span class='ocrx_word' id='word_1_105' title='bbox 378 1700 541 1770; x_wconf 84' lang='lat' dir='ltr'>triumphum</span> <span class='ocrx_word' id='word_1_106' title='bbox 554 1699 586 1752; x_wconf 93' lang='lat' dir='ltr'>de</span> <span class='ocrx_word' id='word_1_107' title='bbox 611 1698 702 1754; x_wconf 87' lang='lat' dir='ltr'>Cilicia</span> <span class='ocrx_word' id='word_1_108' title='bbox 750 1697 806 1751; x_wconf 88' lang='lat' dir='ltr'>lum</span> <span class='ocrx_word' id='word_1_109' title='bbox 813 1702 962 1755; x_wconf 84' lang='lat' dir='ltr'>ovationem</span> <span class='ocrx_word' id='word_1_110' title='bbox 972 1703 1158 1772; x_wconf 82' lang='lat' dir='ltr'>respexisse.·-</span> <span class='ocrx_word' id='word_1_111' title='bbox 1169 1702 1258 1756; x_wconf 84' lang='lat' dir='ltr'>Ovan-</span> 
     </span>
     <span class='ocr_line' id='line_1_15' title="bbox 199 1777 1256 1849; baseline 0.001 -19"><span class='ocrx_word' id='word_1_112' title='bbox 199 1777 297 1846; x_wconf 91' lang='lat' dir='ltr'>pariter</span> <span class='ocrx_word' id='word_1_113' title='bbox 308 1778 448 1844; x_wconf 78' lang='lat' dir='ltr'>retulerat,</span> <span class='ocrx_word' id='word_1_114' title='bbox 461 1778 620 1831; x_wconf 87' lang='lat' dir='ltr'>sententiam</span> <span class='ocrx_word' id='word_1_115' title='bbox 635 1796 703 1830; x_wconf 89' lang='lat' dir='ltr'>mu·</span> <span class='ocrx_word' id='word_1_116' title='bbox 752 1785 790 1829; x_wconf 88' lang='lat' dir='ltr'>tes</span> <span class='ocrx_word' id='word_1_117' title='bbox 800 1796 862 1832; x_wconf 87' lang='lat' dir='ltr'>sane</span> <span class='ocrx_word' id='word_1_118' title='bbox 872 1779 919 1831; x_wconf 89' lang='lat' dir='ltr'>illo</span> <span class='ocrx_word' id='word_1_119' title='bbox 927 1791 1047 1849; x_wconf 81' lang='lat' dir='ltr'>tempore</span> <span class='ocrx_word' id='word_1_120' title='bbox 1060 1800 1129 1848; x_wconf 88' lang='lat' dir='ltr'>equo</span> <span class='ocrx_word' id='word_1_121' title='bbox 1141 1780 1256 1833; x_wconf 81' lang='lat' dir='ltr'>Romam</span> 
     </span>
     <span class='ocr_line' id='line_1_16' title="bbox 200 1854 1256 1928; baseline 0.001 -19"><span class='ocrx_word' id='word_1_122' title='bbox 200 1859 262 1910; x_wconf 85' lang='lat' dir='ltr'>tavit</span> <span class='ocrx_word' id='word_1_123' title='bbox 274 1857 429 1927; x_wconf 76' lang='lat' dir='ltr'>agnovitque</span> <span class='ocrx_word' id='word_1_124' title='bbox 447 1857 490 1911; x_wconf 89' lang='lat' dir='ltr'>bic</span> <span class='ocrx_word' id='word_1_125' title='bbox 505 1858 545 1928; x_wconf 81' lang='lat' dir='ltr'>agi</span> <span class='ocrx_word' id='word_1_126' title='bbox 557 1856 589 1911; x_wconf 89' lang='lat' dir='ltr'>de</span> <span class='ocrx_word' id='word_1_127' title='bbox 603 1857 702 1912; x_wconf 87' lang='lat' dir='ltr'>incerta</span> <span class='ocrx_word' id='word_1_128' title='bbox 751 1854 892 1922; x_wconf 90' lang='lat' dir='ltr'>intrabant,</span> <span class='ocrx_word' id='word_1_129' title='bbox 905 1877 990 1926; x_wconf 88' lang='lat' dir='ltr'>neque</span> <span class='ocrx_word' id='word_1_130' title='bbox 999 1868 1132 1928; x_wconf 71' lang='lat' dir='ltr'>praetexta,</span> <span class='ocrx_word' id='word_1_131' title='bbox 1141 1868 1171 1911; x_wconf 93' lang='lat' dir='ltr'>ut</span> <span class='ocrx_word' id='word_1_132' title='bbox 1179 1868 1256 1923; x_wconf 88' lang='lat' dir='ltr'>ante,</span> 
     </span>
     <span class='ocr_line' id='line_1_17' title="bbox 200 1933 1259 2004; baseline 0 -17"><span class='ocrx_word' id='word_1_133' title='bbox 200 1953 325 2003; x_wconf 76' lang='lat' dir='ltr'>persona3</span> <span class='ocrx_word' id='word_1_134' title='bbox 344 1935 407 2003; x_wconf 89' lang='lat' dir='ltr'>quin</span> <span class='ocrx_word' id='word_1_135' title='bbox 426 1936 491 1989; x_wconf 91' lang='lat' dir='ltr'>adeo</span> <span class='ocrx_word' id='word_1_136' title='bbox 503 1934 608 1989; x_wconf 80' lang='lat' dir='ltr'>tortasse</span> <span class='ocrx_word' id='word_1_137' title='bbox 620 1935 705 2004; x_wconf 80' lang='lat' dir='ltr'>agitur</span> <span class='ocrx_word' id='word_1_138' title='bbox 753 1933 884 2001; x_wconf 82' lang='lat' dir='ltr'>republica</span> <span class='ocrx_word' id='word_1_139' title='bbox 897 1937 992 2002; x_wconf 89' lang='lat' dir='ltr'>libera,</span> <span class='ocrx_word' id='word_1_140' title='bbox 1008 1936 1053 1988; x_wconf 83' lang='lat' dir='ltr'>sed</span> <span class='ocrx_word' id='word_1_141' title='bbox 1072 1947 1143 1988; x_wconf 84' lang='lat' dir='ltr'>veste</span> <span class='ocrx_word' id='word_1_142' title='bbox 1162 1935 1259 1989; x_wconf 89' lang='lat' dir='ltr'>trium·</span> 
     </span>
     <span class='ocr_line' id='line_1_18' title="bbox 201 2009 1037 2082; baseline 0.004 -20"><span class='ocrx_word' id='word_1_143' title='bbox 201 2011 398 2081; x_wconf 79' lang='lat' dir='ltr'>dehypothelica</span> <span class='ocrx_word' id='word_1_144' title='bbox 409 2016 473 2066; x_wconf 81' lang='lat' dir='ltr'>etde</span> <span class='ocrx_word' id='word_1_145' title='bbox 484 2032 636 2082; x_wconf 76' lang='lat' dir='ltr'>quacunque.</span> <span class='ocrx_word' id='word_1_146' title='bbox 646 2032 705 2081; x_wconf 78' lang='lat' dir='ltr'>quae</span> <span class='ocrx_word' id='word_1_147' title='bbox 754 2009 824 2078; x_wconf 88' lang='lat' dir='ltr'>pbali</span> <span class='ocrx_word' id='word_1_148' title='bbox 839 2013 987 2064; x_wconf 85' lang='lat' dir='ltr'>utebantur.</span> <span class='ocrx_word' id='word_1_149' title='bbox 999 2012 1037 2065; x_wconf 89' lang='lat' dir='ltr'>H.</span> 
     </span>
     <span class='ocr_line' id='line_1_19' title="bbox 202 2087 1256 2156; baseline 0 -17"><span class='ocrx_word' id='word_1_150' title='bbox 202 2087 305 2141; x_wconf 81' lang='lat' dir='ltr'>Deliam</span> <span class='ocrx_word' id='word_1_151' title='bbox 332 2108 386 2142; x_wconf 92' lang='lat' dir='ltr'>non</span> <span class='ocrx_word' id='word_1_152' title='bbox 413 2109 502 2144; x_wconf 86' lang='lat' dir='ltr'>amore</span> <span class='ocrx_word' id='word_1_153' title='bbox 523 2089 704 2145; x_wconf 72' lang='lat' dir='ltr'>sollicitaverit.</span> <span class='ocrx_word' id='word_1_154' title='bbox 786 2088 824 2155; x_wconf 83' lang='lat'>73.</span> <span class='ocrx_word' id='word_1_155' title='bbox 838 2088 1128 2156; x_wconf 72' lang='lat' dir='ltr'>IpseboresAEditioncs</span> <span class='ocrx_word' id='word_1_156' title='bbox 1136 2098 1256 2155; x_wconf 82' lang='lat' dir='ltr'>veteres,</span> 
     </span>
     <span class='ocr_line' id='line_1_20' title="bbox 204 2164 1257 2241; baseline 0.002 -25"><span class='ocrx_word' id='word_1_157' title='bbox 204 2164 268 2232; x_wconf 89' lang='lat' dir='ltr'>Quo</span> <span class='ocrx_word' id='word_1_158' title='bbox 277 2165 344 2219; x_wconf 91' lang='lat' dir='ltr'>circa</span> <span class='ocrx_word' id='word_1_159' title='bbox 352 2167 416 2220; x_wconf 86' lang='lat' dir='ltr'>mibi</span> <span class='ocrx_word' id='word_1_160' title='bbox 427 2166 582 2241; x_wconf 81' lang='lat' dir='ltr'>Heyniuset</span> <span class='ocrx_word' id='word_1_161' title='bbox 591 2166 705 2220; x_wconf 69' lang='lat' dir='ltr'>Hirschle</span> <span class='ocrx_word' id='word_1_162' title='bbox 752 2164 779 2217; x_wconf 91' lang='lat' dir='ltr'>in</span> <span class='ocrx_word' id='word_1_163' title='bbox 789 2167 827 2219; x_wconf 84' lang='lat' dir='ltr'>bis</span> <span class='ocrx_word' id='word_1_164' title='bbox 839 2168 958 2236; x_wconf 82' lang='lat' dir='ltr'>princeps</span> <span class='ocrx_word' id='word_1_165' title='bbox 971 2168 1091 2219; x_wconf 88' lang='lat' dir='ltr'>omnium</span> <span class='ocrx_word' id='word_1_166' title='bbox 1101 2167 1162 2219; x_wconf 91' lang='lat' dir='ltr'>anni</span> <span class='ocrx_word' id='word_1_167' title='bbox 1180 2170 1257 2236; x_wconf 74' lang='lat'>1472,</span> 
     </span>
     <span class='ocr_line' id='line_1_21' title="bbox 202 2244 1259 2317; baseline 0.001 -22"><span class='ocrx_word' id='word_1_168' title='bbox 202 2263 290 2297; x_wconf 88' lang='lat' dir='ltr'>errare</span> <span class='ocrx_word' id='word_1_169' title='bbox 313 2245 437 2300; x_wconf 83' lang='lat' dir='ltr'>videntur</span> <span class='ocrx_word' id='word_1_170' title='bbox 456 2249 500 2316; x_wconf 92' lang='lat' dir='ltr'>qui</span> <span class='ocrx_word' id='word_1_171' title='bbox 519 2258 577 2317; x_wconf 86' lang='lat' dir='ltr'>post</span> <span class='ocrx_word' id='word_1_172' title='bbox 596 2247 707 2300; x_wconf 83' lang='lat' dir='ltr'>verbum</span> <span class='ocrx_word' id='word_1_173' title='bbox 754 2264 767 2289; x_wconf 83' lang='grc'><strong>«</strong></span> <span class='ocrx_word' id='word_1_174' title='bbox 781 2245 837 2312; x_wconf 84' lang='lat' dir='ltr'>lpse</span> <span class='ocrx_word' id='word_1_175' title='bbox 855 2244 934 2296; x_wconf 83' lang='lat' dir='ltr'>boves</span> <span class='ocrx_word' id='word_1_176' title='bbox 952 2264 1012 2297; x_wconf 88' lang='lat' dir='ltr'>mea</span> <span class='ocrx_word' id='word_1_177' title='bbox 1033 2245 1054 2297; x_wconf 86' lang='lat' dir='ltr'>sl</span> <span class='ocrx_word' id='word_1_178' title='bbox 1074 2256 1161 2299; x_wconf 87' lang='lat' dir='ltr'>tecum</span> <span class='ocrx_word' id='word_1_179' title='bbox 1177 2244 1259 2296; x_wconf 88' lang='lat' dir='ltr'>modo</span> 
     </span>
     <span class='ocr_line' id='line_1_22' title="bbox 195 2321 1259 2392; baseline -0.001 -17"><span class='ocrx_word' id='word_1_180' title='bbox 195 2323 251 2389; x_wconf 81' lang='lat' dir='ltr'>suit</span> <span class='ocrx_word' id='word_1_181' title='bbox 262 2324 411 2380; x_wconf 88' lang='lat' dir='ltr'>desiderant</span> <span class='ocrx_word' id='word_1_182' title='bbox 422 2326 562 2380; x_wconf 82' lang='lat' dir='ltr'>maluitvel</span> <span class='ocrx_word' id='word_1_183' title='bbox 572 2331 719 2387; x_wconf 80' lang='lat' dir='ltr'>maluerat‚·</span> <span class='ocrx_word' id='word_1_184' title='bbox 754 2321 830 2375; x_wconf 85' lang='lat' dir='ltr'>Delia</span> <span class='ocrx_word' id='word_1_185' title='bbox 844 2341 954 2390; x_wconf 82' lang='lat' dir='ltr'>possem.</span> <span class='ocrx_word' id='word_1_186' title='bbox 973 2345 986 2369; x_wconf 67' lang='grc' dir='ltr'><strong>υ</strong></span> <span class='ocrx_word' id='word_1_187' title='bbox 1006 2322 1097 2392; x_wconf 88' lang='lat' dir='ltr'>Quam</span> <span class='ocrx_word' id='word_1_188' title='bbox 1116 2324 1259 2376; x_wconf 83' lang='lat' dir='ltr'>verborum</span> 
     </span>
     <span class='ocr_line' id='line_1_23' title="bbox 204 2400 1260 2474; baseline 0 -22"><span class='ocrx_word' id='word_1_189' title='bbox 204 2401 276 2468; x_wconf 85' lang='lat' dir='ltr'>quasi</span> <span class='ocrx_word' id='word_1_190' title='bbox 288 2400 374 2468; x_wconf 69' lang='lat' dir='ltr'>rifiu‘t</span> <span class='ocrx_word' id='word_1_191' title='bbox 384 2404 498 2458; x_wconf 82' lang='lat' dir='ltr'>absoluto</span> <span class='ocrx_word' id='word_1_192' title='bbox 507 2405 621 2474; x_wconf 86' lang='lat' dir='ltr'>positum</span> <span class='ocrx_word' id='word_1_193' title='bbox 634 2415 707 2458; x_wconf 85' lang='lat' dir='ltr'>esset</span> <span class='ocrx_word' id='word_1_194' title='bbox 753 2409 912 2453; x_wconf 76' lang='lat' dir='ltr'>structuram</span> <span class='ocrx_word' id='word_1_195' title='bbox 922 2401 1038 2454; x_wconf 79' lang='lat' dir='ltr'>retinens</span> <span class='ocrx_word' id='word_1_196' title='bbox 1049 2400 1163 2468; x_wconf 79' lang='lat' dir='ltr'>Scaliger</span> <span class='ocrx_word' id='word_1_197' title='bbox 1170 2406 1196 2452; x_wconf 80' lang='lat' dir='ltr'>si</span> <span class='ocrx_word' id='word_1_198' title='bbox 1204 2418 1260 2452; x_wconf 87' lang='lat' dir='ltr'>mu·</span> 
     </span>
     <span class='ocr_line' id='line_1_24' title="bbox 204 2476 1260 2550; baseline -0.003 -18"><span class='ocrx_word' id='word_1_199' title='bbox 204 2479 404 2550; x_wconf 87' lang='lat' dir='ltr'>Nuncsuperest</span> <span class='ocrx_word' id='word_1_200' title='bbox 412 2494 441 2535; x_wconf 93' lang='lat' dir='ltr'>ut</span> <span class='ocrx_word' id='word_1_201' title='bbox 448 2482 658 2537; x_wconf 87' lang='lat' dir='ltr'>demonstremus</span> <span class='ocrx_word' id='word_1_202' title='bbox 666 2502 709 2535; x_wconf 89' lang='lat' dir='ltr'>su·</span> <span class='ocrx_word' id='word_1_203' title='bbox 754 2477 817 2529; x_wconf 74' lang='lat' dir='ltr'>tavit</span> <span class='ocrx_word' id='word_1_204' title='bbox 828 2477 855 2529; x_wconf 87' lang='lat' dir='ltr'>in</span> <span class='ocrx_word' id='word_1_205' title='bbox 867 2483 923 2531; x_wconf 87' lang='lat' dir='ltr'>sim.</span> <span class='ocrx_word' id='word_1_206' title='bbox 939 2477 975 2533; x_wconf 86' lang='lat' dir='ltr'>Et</span> <span class='ocrx_word' id='word_1_207' title='bbox 987 2477 1023 2531; x_wconf 81' lang='lat' dir='ltr'>sic</span> <span class='ocrx_word' id='word_1_208' title='bbox 1039 2477 1161 2548; x_wconf 79' lang='lat' dir='ltr'>Heynius</span> <span class='ocrx_word' id='word_1_209' title='bbox 1170 2476 1260 2529; x_wconf 89' lang='lat' dir='ltr'>edidit.</span> 
     </span>
     <span class='ocr_line' id='line_1_25' title="bbox 204 2552 1262 2628; baseline 0.001 -21"><span class='ocrx_word' id='word_1_210' title='bbox 204 2552 709 2628; x_wconf 76' lang='lat' dir='ltr'>perioracumsequontibusbenecobae·</span> <span class='ocrx_word' id='word_1_211' title='bbox 757 2554 921 2609; x_wconf 88' lang='lat' dir='ltr'>Concinnior</span> <span class='ocrx_word' id='word_1_212' title='bbox 941 2567 994 2622; x_wconf 86' lang='lat' dir='ltr'>est,</span> <span class='ocrx_word' id='word_1_213' title='bbox 1014 2557 1094 2610; x_wconf 87' lang='lat' dir='ltr'>etiam</span> <span class='ocrx_word' id='word_1_214' title='bbox 1113 2555 1146 2608; x_wconf 89' lang='lat' dir='ltr'>de</span> <span class='ocrx_word' id='word_1_215' title='bbox 1164 2555 1262 2627; x_wconf 76' lang='lat' dir='ltr'>judicio</span> 
     </span>
     <span class='ocr_line' id='line_1_26' title="bbox 205 2635 1263 2707; baseline -0.002 -19"><span class='ocrx_word' id='word_1_216' title='bbox 205 2655 264 2689; x_wconf 85' lang='lat' dir='ltr'>rere</span> <span class='ocrx_word' id='word_1_217' title='bbox 276 2677 283 2704; x_wconf 90' lang='lat'>,</span> <span class='ocrx_word' id='word_1_218' title='bbox 296 2638 387 2707; x_wconf 89' lang='lat' dir='ltr'>quain</span> <span class='ocrx_word' id='word_1_219' title='bbox 401 2660 429 2693; x_wconf 89' lang='lat' dir='ltr'>re</span> <span class='ocrx_word' id='word_1_220' title='bbox 442 2660 497 2693; x_wconf 92' lang='lat' dir='ltr'>non</span> <span class='ocrx_word' id='word_1_221' title='bbox 510 2640 624 2693; x_wconf 88' lang='lat' dir='ltr'>multum</span> <span class='ocrx_word' id='word_1_222' title='bbox 636 2639 710 2692; x_wconf 87' lang='lat' dir='ltr'>suda·</span> <span class='ocrx_word' id='word_1_223' title='bbox 756 2636 869 2691; x_wconf 76' lang='lat' dir='ltr'>Brouck.</span> <span class='ocrx_word' id='word_1_224' title='bbox 878 2638 1020 2690; x_wconf 84' lang='lat' dir='ltr'>verborum</span> <span class='ocrx_word' id='word_1_225' title='bbox 1029 2635 1163 2690; x_wconf 83' lang='lat' dir='ltr'>collocatio</span> <span class='ocrx_word' id='word_1_226' title='bbox 1171 2636 1198 2687; x_wconf 93' lang='lat' dir='ltr'>in</span> <span class='ocrx_word' id='word_1_227' title='bbox 1209 2653 1263 2687; x_wconf 94' lang='lat' dir='ltr'>uno</span> 
     </span>
     <span class='ocr_line' id='line_1_27' title="bbox 205 2714 1264 2788; baseline 0 -22"><span class='ocrx_word' id='word_1_228' title='bbox 205 2714 297 2769; x_wconf 83' lang='lat' dir='ltr'>bimus.</span> <span class='ocrx_word' id='word_1_229' title='bbox 311 2717 391 2770; x_wconf 90' lang='lat' dir='ltr'>Initio</span> <span class='ocrx_word' id='word_1_230' title='bbox 410 2719 482 2771; x_wconf 86' lang='lat' dir='ltr'>enim</span> <span class='ocrx_word' id='word_1_231' title='bbox 498 2719 577 2788; x_wconf 77' lang='lat' dir='ltr'>buius</span> <span class='ocrx_word' id='word_1_232' title='bbox 596 2718 710 2788; x_wconf 68' lang='lat' dir='ltr'>Elegia,</span> <span class='ocrx_word' id='word_1_233' title='bbox 758 2716 893 2770; x_wconf 85' lang='lat' dir='ltr'>Statiano:</span> <span class='ocrx_word' id='word_1_234' title='bbox 907 2738 920 2762; x_wconf 70' lang='lat' dir='ltr'>u</span> <span class='ocrx_word' id='word_1_235' title='bbox 933 2716 1018 2769; x_wconf 90' lang='lat' dir='ltr'>Modo</span> <span class='ocrx_word' id='word_1_236' title='bbox 1028 2716 1076 2769; x_wconf 86' lang='lat' dir='ltr'>sim</span> <span class='ocrx_word' id='word_1_237' title='bbox 1088 2727 1192 2780; x_wconf 85' lang='lat' dir='ltr'>tecum,</span> <span class='ocrx_word' id='word_1_238' title='bbox 1204 2733 1264 2766; x_wconf 83' lang='lat' dir='ltr'>rnen</span> 
     </span>
     <span class='ocr_line' id='line_1_28' title="bbox 205 2792 1264 2866; baseline 0.001 -22"><span class='ocrx_word' id='word_1_239' title='bbox 205 2792 365 2848; x_wconf 83' lang='lat' dir='ltr'>lamentatur</span> <span class='ocrx_word' id='word_1_240' title='bbox 373 2808 449 2864; x_wconf 86' lang='lat' dir='ltr'>poeta</span> <span class='ocrx_word' id='word_1_241' title='bbox 458 2797 490 2849; x_wconf 88' lang='lat' dir='ltr'>de</span> <span class='ocrx_word' id='word_1_242' title='bbox 498 2798 616 2850; x_wconf 85' lang='lat' dir='ltr'>obserata</span> <span class='ocrx_word' id='word_1_243' title='bbox 624 2808 723 2866; x_wconf 73' lang='lat' dir='ltr'>porta,</span> <span class='ocrx_word' id='word_1_244' title='bbox 758 2794 869 2849; x_wconf 80' lang='lat' dir='ltr'>Delia.»</span> <span class='ocrx_word' id='word_1_245' title='bbox 890 2794 957 2848; x_wconf 87' lang='lat' dir='ltr'>Cod.</span> <span class='ocrx_word' id='word_1_246' title='bbox 978 2797 1057 2848; x_wconf 89' lang='lat' dir='ltr'>etiam</span> <span class='ocrx_word' id='word_1_247' title='bbox 1077 2795 1159 2863; x_wconf 86' lang='lat' dir='ltr'>paris:</span> <span class='ocrx_word' id='word_1_248' title='bbox 1173 2816 1186 2840; x_wconf 80' lang='grc' dir='ltr'><strong>α</strong></span> <span class='ocrx_word' id='word_1_249' title='bbox 1205 2794 1264 2861; x_wconf 90' lang='lat' dir='ltr'>lpse</span> 
     </span>
     <span class='ocr_line' id='line_1_29' title="bbox 207 2869 1263 2939; baseline 0 -17"><span class='ocrx_word' id='word_1_250' title='bbox 207 2880 264 2922; x_wconf 91' lang='lat' dir='ltr'>tum</span> <span class='ocrx_word' id='word_1_251' title='bbox 279 2872 392 2938; x_wconf 84' lang='lat' dir='ltr'>puellam</span> <span class='ocrx_word' id='word_1_252' title='bbox 412 2873 565 2927; x_wconf 85' lang='lat' dir='ltr'>adhortatur</span> <span class='ocrx_word' id='word_1_253' title='bbox 578 2885 608 2926; x_wconf 91' lang='lat' dir='ltr'>ut</span> <span class='ocrx_word' id='word_1_254' title='bbox 625 2875 711 2927; x_wconf 88' lang='lat' dir='ltr'>mari·</span> <span class='ocrx_word' id='word_1_255' title='bbox 758 2873 837 2926; x_wconf 81' lang='lat' dir='ltr'>boves</span> <span class='ocrx_word' id='word_1_256' title='bbox 848 2873 929 2925; x_wconf 91' lang='lat' dir='ltr'>modo</span> <span class='ocrx_word' id='word_1_257' title='bbox 943 2873 965 2926; x_wconf 87' lang='lat' dir='ltr'>si</span> <span class='ocrx_word' id='word_1_258' title='bbox 983 2883 1084 2939; x_wconf 87' lang='lat' dir='ltr'>tecum,</span> <span class='ocrx_word' id='word_1_259' title='bbox 1098 2891 1158 2924; x_wconf 83' lang='lat' dir='ltr'>mea</span> <span class='ocrx_word' id='word_1_260' title='bbox 1170 2869 1263 2935; x_wconf 87' lang='lat' dir='ltr'>Delia,</span> 
     </span>
     <span class='ocr_line' id='line_1_30' title="bbox 209 2947 1265 3021; baseline 0 -22"><span class='ocrx_word' id='word_1_261' title='bbox 209 2957 266 2999; x_wconf 92' lang='lat' dir='ltr'>tum</span> <span class='ocrx_word' id='word_1_262' title='bbox 278 2947 389 3018; x_wconf 89' lang='lat' dir='ltr'>decipiat</span> <span class='ocrx_word' id='word_1_263' title='bbox 404 2972 410 3014; x_wconf 87' lang='lat'><strong>;</strong></span> <span class='ocrx_word' id='word_1_264' title='bbox 428 2950 524 3004; x_wconf 84' lang='lat' dir='ltr'>deinde</span> <span class='ocrx_word' id='word_1_265' title='bbox 543 2969 609 3021; x_wconf 77' lang='lat' dir='ltr'>sagae</span> <span class='ocrx_word' id='word_1_266' title='bbox 624 2949 713 3004; x_wconf 91' lang='lat' dir='ltr'>laudat</span> <span class='ocrx_word' id='word_1_267' title='bbox 759 2951 862 3020; x_wconf 79' lang='lat' dir='ltr'>possim.</span> <span class='ocrx_word' id='word_1_268' title='bbox 881 2972 895 2996; x_wconf 70' lang='grc' dir='ltr'><em>ν</em></span> <span class='ocrx_word' id='word_1_269' title='bbox 913 2951 993 3005; x_wconf 87' lang='lat' dir='ltr'>Nullo</span> <span class='ocrx_word' id='word_1_270' title='bbox 1006 2951 1072 3003; x_wconf 88' lang='lat' dir='ltr'>libro</span> <span class='ocrx_word' id='word_1_271' title='bbox 1092 2947 1265 3002; x_wconf 85' lang='lat' dir='ltr'>confirmatur</span> 
     </span>
     <span class='ocr_line' id='line_1_31' title="bbox 209 3028 1264 3099; baseline 0.004 -22"><span class='ocrx_word' id='word_1_272' title='bbox 209 3036 285 3091; x_wconf 90' lang='lat' dir='ltr'>artes,</span> <span class='ocrx_word' id='word_1_273' title='bbox 292 3028 384 3095; x_wconf 88' lang='lat' dir='ltr'>quibus</span> <span class='ocrx_word' id='word_1_274' title='bbox 392 3031 480 3083; x_wconf 90' lang='lat' dir='ltr'>omnia</span> <span class='ocrx_word' id='word_1_275' title='bbox 491 3031 590 3083; x_wconf 79' lang='lat' dir='ltr'>moveri</span> <span class='ocrx_word' id='word_1_276' title='bbox 598 3040 724 3099; x_wconf 52' lang='lat' dir='ltr'>possunt:</span> <span class='ocrx_word' id='word_1_277' title='bbox 759 3028 836 3083; x_wconf 86' lang='lat' dir='ltr'>lectio</span> <span class='ocrx_word' id='word_1_278' title='bbox 847 3029 1004 3082; x_wconf 85' lang='lat' dir='ltr'>inconcinna</span> <span class='ocrx_word' id='word_1_279' title='bbox 1014 3048 1020 3080; x_wconf 93' lang='lat'>:</span> <span class='ocrx_word' id='word_1_280' title='bbox 1029 3051 1043 3075; x_wconf 72' lang='grc' dir='ltr'><strong>α</strong></span> <span class='ocrx_word' id='word_1_281' title='bbox 1057 3030 1115 3098; x_wconf 90' lang='lat' dir='ltr'>Ipse</span> <span class='ocrx_word' id='word_1_282' title='bbox 1128 3028 1207 3081; x_wconf 84' lang='lat' dir='ltr'>boves</span> <span class='ocrx_word' id='word_1_283' title='bbox 1219 3037 1264 3081; x_wconf 90' lang='lat' dir='ltr'>te-</span> 
     </span>
     <span class='ocr_line' id='line_1_32' title="bbox 211 3101 1134 3178; baseline 0.003 -23"><span class='ocrx_word' id='word_1_284' title='bbox 211 3101 332 3170; x_wconf 85' lang='lat' dir='ltr'>Dcnique</span> <span class='ocrx_word' id='word_1_285' title='bbox 343 3104 457 3161; x_wconf 87' lang='lat' dir='ltr'>declarat</span> <span class='ocrx_word' id='word_1_286' title='bbox 466 3127 494 3161; x_wconf 86' lang='lat' dir='ltr'>se</span> <span class='ocrx_word' id='word_1_287' title='bbox 503 3126 638 3175; x_wconf 86' lang='lat' dir='ltr'>nunquam</span> <span class='ocrx_word' id='word_1_288' title='bbox 645 3125 714 3159; x_wconf 85' lang='lat' dir='ltr'>amo</span> <span class='ocrx_word' id='word_1_289' title='bbox 760 3127 821 3161; x_wconf 89' lang='lat' dir='ltr'>cum</span> <span class='ocrx_word' id='word_1_290' title='bbox 832 3107 927 3178; x_wconf 88' lang='lat' dir='ltr'>possim</span> <span class='ocrx_word' id='word_1_291' title='bbox 937 3108 1055 3178; x_wconf 74' lang='lat' dir='ltr'>jungere.</span> <span class='ocrx_word' id='word_1_292' title='bbox 1068 3130 1082 3152; x_wconf 69' lang='grc' dir='ltr'>ιι</span> <span class='ocrx_word' id='word_1_293' title='bbox 1098 3107 1134 3159; x_wconf 88' lang='lat' dir='ltr'>H.</span> 
     </span>
     <span class='ocr_line' id='line_1_33' title="bbox 211 3179 1266 3258; baseline 0.006 -26"><span class='ocrx_word' id='word_1_294' title='bbox 211 3198 238 3232; x_wconf 87' lang='lat' dir='ltr'>re</span> <span class='ocrx_word' id='word_1_295' title='bbox 257 3179 360 3235; x_wconf 84' lang='lat' dir='ltr'>liberari</span> <span class='ocrx_word' id='word_1_296' title='bbox 376 3183 457 3246; x_wconf 79' lang='lat' dir='ltr'>velle;</span> <span class='ocrx_word' id='word_1_297' title='bbox 471 3186 506 3238; x_wconf 89' lang='lat' dir='ltr'>ita</span> <span class='ocrx_word' id='word_1_298' title='bbox 525 3184 609 3238; x_wconf 82' lang='lat' dir='ltr'>verbis</span> <span class='ocrx_word' id='word_1_299' title='bbox 614 3184 715 3252; x_wconf 82' lang='lat' dir='ltr'>semus</span> <span class='ocrx_word' id='word_1_300' title='bbox 796 3192 833 3258; x_wconf 73' lang='lat'>74.</span> <span class='ocrx_word' id='word_1_301' title='bbox 852 3190 882 3241; x_wconf 83' lang='lat' dir='ltr'>Iu</span> <span class='ocrx_word' id='word_1_302' title='bbox 902 3193 997 3243; x_wconf 82' lang='lat' dir='ltr'>solo.....</span> <span class='ocrx_word' id='word_1_303' title='bbox 1019 3199 1108 3241; x_wconf 83' lang='lat' dir='ltr'>moute.</span> <span class='ocrx_word' id='word_1_304' title='bbox 1128 3187 1173 3242; x_wconf 86' lang='lat' dir='ltr'>Sic</span> <span class='ocrx_word' id='word_1_305' title='bbox 1195 3196 1266 3239; x_wconf 83' lang='lat' dir='ltr'>recte</span> 
     </span>
     <span class='ocr_line' id='line_1_34' title="bbox 210 3257 1268 3335; baseline 0.008 -26"><span class='ocrx_word' id='word_1_306' title='bbox 210 3257 409 3325; x_wconf 78' lang='lat' dir='ltr'>illesuitsensus</span> <span class='ocrx_word' id='word_1_307' title='bbox 419 3262 517 3329; x_wconf 87' lang='lat' dir='ltr'>optime</span> <span class='ocrx_word' id='word_1_308' title='bbox 528 3263 714 3328; x_wconf 86' lang='lat' dir='ltr'>continuatur,</span> <span class='ocrx_word' id='word_1_309' title='bbox 760 3267 918 3335; x_wconf 82' lang='lat' dir='ltr'>scripserunt</span> <span class='ocrx_word' id='word_1_310' title='bbox 936 3286 996 3321; x_wconf 89' lang='lat' dir='ltr'>curn</span> <span class='ocrx_word' id='word_1_311' title='bbox 1011 3266 1142 3335; x_wconf 76' lang='lat' dir='ltr'>scaligero</span> <span class='ocrx_word' id='word_1_312' title='bbox 1158 3264 1268 3317; x_wconf 80' lang='lat' dir='ltr'>Murre-</span> 
     </span>
     <span class='ocr_line' id='line_1_35' title="bbox 213 3339 1268 3412; baseline 0.005 -22"><span class='ocrx_word' id='word_1_313' title='bbox 213 3339 330 3407; x_wconf 86' lang='lat' dir='ltr'>quamvis</span> <span class='ocrx_word' id='word_1_314' title='bbox 340 3358 401 3392; x_wconf 92' lang='lat' dir='ltr'>eum</span> <span class='ocrx_word' id='word_1_315' title='bbox 416 3342 452 3394; x_wconf 87' lang='lat' dir='ltr'>H.</span> <span class='ocrx_word' id='word_1_316' title='bbox 467 3343 541 3395; x_wconf 86' lang='lat' dir='ltr'>Voss.</span> <span class='ocrx_word' id='word_1_317' title='bbox 559 3344 674 3412; x_wconf 85' lang='lat' dir='ltr'>ruperit;</span> <span class='ocrx_word' id='word_1_318' title='bbox 694 3344 716 3397; x_wconf 89' lang='lat' dir='ltr'>is</span> <span class='ocrx_word' id='word_1_319' title='bbox 763 3353 817 3405; x_wconf 82' lang='lat' dir='ltr'>tus,</span> <span class='ocrx_word' id='word_1_320' title='bbox 828 3345 1004 3412; x_wconf 80' lang='lat' dir='ltr'>Passeratius,</span> <span class='ocrx_word' id='word_1_321' title='bbox 1018 3344 1183 3398; x_wconf 85' lang='lat' dir='ltr'>Gebhardus.</span> <span class='ocrx_word' id='word_1_322' title='bbox 1196 3343 1228 3396; x_wconf 91' lang='lat' dir='ltr'>ln</span> <span class='ocrx_word' id='word_1_323' title='bbox 1240 3342 1268 3396; x_wconf 88' lang='lat' dir='ltr'>li·</span> 
     </span>
     <span class='ocr_line' id='line_1_36' title="bbox 212 3416 1268 3492; baseline 0.005 -23"><span class='ocrx_word' id='word_1_324' title='bbox 212 3416 285 3469; x_wconf 87' lang='lat' dir='ltr'>enim</span> <span class='ocrx_word' id='word_1_325' title='bbox 296 3426 321 3468; x_wconf 79' lang='lat' dir='ltr'>te</span> <span class='ocrx_word' id='word_1_326' title='bbox 332 3418 403 3472; x_wconf 83' lang='lat' dir='ltr'>velut</span> <span class='ocrx_word' id='word_1_327' title='bbox 416 3427 587 3474; x_wconf 62' lang='lat' dir='ltr'>accusantum</span> <span class='ocrx_word' id='word_1_328' title='bbox 602 3421 634 3473; x_wconf 92' lang='lat' dir='ltr'>ad</span> <span class='ocrx_word' id='word_1_329' title='bbox 650 3440 715 3474; x_wconf 84' lang='lat' dir='ltr'>rer·</span> <span class='ocrx_word' id='word_1_330' title='bbox 762 3421 815 3475; x_wconf 89' lang='lat' dir='ltr'>bris</span> <span class='ocrx_word' id='word_1_331' title='bbox 827 3422 923 3492; x_wconf 81' lang='lat' dir='ltr'>legitur</span> <span class='ocrx_word' id='word_1_332' title='bbox 930 3428 957 3476; x_wconf 86' lang='lat' dir='ltr'>r&#39;n</span> <span class='ocrx_word' id='word_1_333' title='bbox 964 3428 1042 3477; x_wconf 81' lang='lat' dir='ltr'>solito</span> <span class='ocrx_word' id='word_1_334' title='bbox 1054 3421 1125 3492; x_wconf 89' lang='lat' dir='ltr'>quod</span> <span class='ocrx_word' id='word_1_335' title='bbox 1135 3423 1167 3475; x_wconf 87' lang='lat' dir='ltr'>ab</span> <span class='ocrx_word' id='word_1_336' title='bbox 1178 3420 1268 3474; x_wconf 90' lang='lat' dir='ltr'>edito-</span> 
     </span>
     <span class='ocr_line' id='line_1_37' title="bbox 213 3494 1269 3568; baseline 0.005 -22"><span class='ocrx_word' id='word_1_337' title='bbox 213 3494 277 3546; x_wconf 90' lang='lat' dir='ltr'>bum</span> <span class='ocrx_word' id='word_1_338' title='bbox 296 3514 380 3548; x_wconf 84' lang='lat' dir='ltr'>carere</span> <span class='ocrx_word' id='word_1_339' title='bbox 400 3496 503 3565; x_wconf 89' lang='lat' dir='ltr'>retulit,</span> <span class='ocrx_word' id='word_1_340' title='bbox 525 3499 716 3568; x_wconf 79' lang='lat' dir='ltr'>ablativumque</span> <span class='ocrx_word' id='word_1_341' title='bbox 763 3501 834 3554; x_wconf 88' lang='lat' dir='ltr'>ribus</span> <span class='ocrx_word' id='word_1_342' title='bbox 845 3501 1086 3563; x_wconf 83' lang='lat' dir='ltr'>vitiosumdicitur;</span> <span class='ocrx_word' id='word_1_343' title='bbox 1099 3500 1269 3566; x_wconf 82' lang='lat' dir='ltr'>aiuntcnim,</span> 
     </span>
     <span class='ocr_line' id='line_1_38' title="bbox 213 3572 1270 3647; baseline 0.004 -22"><span class='ocrx_word' id='word_1_344' title='bbox 213 3572 332 3640; x_wconf 78' lang='lat' dir='ltr'>sustulit,</span> <span class='ocrx_word' id='word_1_345' title='bbox 350 3574 420 3642; x_wconf 87' lang='lat' dir='ltr'>quod</span> <span class='ocrx_word' id='word_1_346' title='bbox 432 3587 523 3630; x_wconf 86' lang='lat' dir='ltr'>contra</span> <span class='ocrx_word' id='word_1_347' title='bbox 534 3575 667 3631; x_wconf 85' lang='lat' dir='ltr'>sincerum</span> <span class='ocrx_word' id='word_1_348' title='bbox 679 3577 717 3630; x_wconf 93' lang='lat' dir='ltr'>la-</span> <span class='ocrx_word' id='word_1_349' title='bbox 764 3588 869 3631; x_wconf 78' lang='lat' dir='ltr'>montem</span> <span class='ocrx_word' id='word_1_350' title='bbox 886 3582 966 3632; x_wconf 84' lang='lat' dir='ltr'>solum</span> <span class='ocrx_word' id='word_1_351' title='bbox 983 3598 1054 3644; x_wconf 87' lang='lat' dir='ltr'>csse,</span> <span class='ocrx_word' id='word_1_352' title='bbox 1078 3580 1123 3647; x_wconf 88' lang='lat' dir='ltr'>qui</span> <span class='ocrx_word' id='word_1_353' title='bbox 1136 3578 1270 3643; x_wconf 86' lang='lat' dir='ltr'>desertus,</span> 
     </span>
     <span class='ocr_line' id='line_1_39' title="bbox 214 3650 1272 3725; baseline 0.001 -20"><span class='ocrx_word' id='word_1_354' title='bbox 214 3650 263 3705; x_wconf 88' lang='lat' dir='ltr'>tini</span> <span class='ocrx_word' id='word_1_355' title='bbox 275 3653 402 3706; x_wconf 85' lang='lat' dir='ltr'>sermonis</span> <span class='ocrx_word' id='word_1_356' title='bbox 414 3672 490 3707; x_wconf 85' lang='lat' dir='ltr'>usum</span> <span class='ocrx_word' id='word_1_357' title='bbox 503 3653 571 3708; x_wconf 78' lang='lat' dir='ltr'>fecit,</span> <span class='ocrx_word' id='word_1_358' title='bbox 765 3657 912 3724; x_wconf 85' lang='lat' dir='ltr'>solitarius,</span> <span class='ocrx_word' id='word_1_359' title='bbox 930 3668 960 3712; x_wconf 91' lang='lat' dir='ltr'>ut</span> <span class='ocrx_word' id='word_1_360' title='bbox 977 3657 1046 3725; x_wconf 88' lang='lat' dir='ltr'>apud</span> <span class='ocrx_word' id='word_1_361' title='bbox 1061 3655 1153 3725; x_wconf 74' lang='lat' dir='ltr'>Virgil.</span> <span class='ocrx_word' id='word_1_362' title='bbox 1173 3653 1272 3722; x_wconf 73' lang='lat' dir='ltr'>Georg.</span> 
     </span>
     <span class='ocr_line' id='line_1_40' title="bbox 246 3729 1272 3801; baseline -0.001 -18"><span class='ocrx_word' id='word_1_363' title='bbox 246 3730 287 3801; x_wconf 73' lang='grc'>69.</span> <span class='ocrx_word' id='word_1_364' title='bbox 309 3733 405 3784; x_wconf 73' lang='lat' dir='ltr'>Wctas.</span> <span class='ocrx_word' id='word_1_365' title='bbox 417 3732 440 3784; x_wconf 87' lang='lat' dir='ltr'><strong>E</strong></span> <span class='ocrx_word' id='word_1_366' title='bbox 452 3731 572 3801; x_wconf 87' lang='lat' dir='ltr'>sequenti</span> <span class='ocrx_word' id='word_1_367' title='bbox 584 3751 659 3786; x_wconf 80' lang='lat' dir='ltr'>versu</span> <span class='ocrx_word' id='word_1_368' title='bbox 670 3751 716 3801; x_wconf 78' lang='lat' dir='ltr'>pa·</span> <span class='ocrx_word' id='word_1_369' title='bbox 729 3756 731 3761; x_wconf 63' lang='grc'>’</span> <span class='ocrx_word' id='word_1_370' title='bbox 766 3733 808 3787; x_wconf 89' lang='lat' dir='ltr'>lib.</span> <span class='ocrx_word' id='word_1_371' title='bbox 818 3734 868 3800; x_wconf 86' lang='lat' dir='ltr'>lV,</span> <span class='ocrx_word' id='word_1_372' title='bbox 880 3754 915 3787; x_wconf 86' lang='lat' dir='ltr'>vs.</span> <span class='ocrx_word' id='word_1_373' title='bbox 925 3734 972 3799; x_wconf 69' lang='lat'>465</span> <span class='ocrx_word' id='word_1_374' title='bbox 984 3754 990 3786; x_wconf 91' lang='lat'>:</span> <span class='ocrx_word' id='word_1_375' title='bbox 1003 3755 1016 3778; x_wconf 69' lang='lat' dir='ltr'>n</span> <span class='ocrx_word' id='word_1_376' title='bbox 1026 3733 1066 3786; x_wconf 83' lang='lat' dir='ltr'>&#39;l&#39;e</span> <span class='ocrx_word' id='word_1_377' title='bbox 1078 3732 1133 3785; x_wconf 89' lang='lat' dir='ltr'>solo</span> <span class='ocrx_word' id='word_1_378' title='bbox 1146 3730 1172 3782; x_wconf 88' lang='lat' dir='ltr'>in</span> <span class='ocrx_word' id='word_1_379' title='bbox 1183 3729 1272 3782; x_wconf 87' lang='lat' dir='ltr'>littore</span> 
     </span>
     <span class='ocr_line' id='line_1_41' title="bbox 216 3807 1274 3882; baseline -0.003 -20"><span class='ocrx_word' id='word_1_380' title='bbox 216 3820 254 3863; x_wconf 91' lang='lat' dir='ltr'>tet</span> <span class='ocrx_word' id='word_1_381' title='bbox 264 3810 395 3881; x_wconf 79' lang='lat' dir='ltr'>bicagide</span> <span class='ocrx_word' id='word_1_382' title='bbox 408 3811 524 3865; x_wconf 79' lang='lat' dir='ltr'>hostibus</span> <span class='ocrx_word' id='word_1_383' title='bbox 531 3831 602 3865; x_wconf 90' lang='lat' dir='ltr'>nunc</span> <span class='ocrx_word' id='word_1_384' title='bbox 613 3812 719 3882; x_wconf 75' lang='lat' dir='ltr'>lugien-</span> <span class='ocrx_word' id='word_1_385' title='bbox 765 3829 854 3866; x_wconf 86' lang='lat' dir='ltr'>secum</span> <span class='ocrx_word' id='word_1_386' title='bbox 865 3833 893 3875; x_wconf 73' lang='grc' dir='ltr'>ς»</span> <span class='ocrx_word' id='word_1_387' title='bbox 907 3810 1014 3864; x_wconf 81' lang='lat' dir='ltr'>AEneid.</span> <span class='ocrx_word' id='word_1_388' title='bbox 1026 3810 1069 3862; x_wconf 89' lang='lat' dir='ltr'>lib.</span> <span class='ocrx_word' id='word_1_389' title='bbox 1086 3809 1142 3874; x_wconf 84' lang='lat' dir='ltr'>Vl,</span> <span class='ocrx_word' id='word_1_390' title='bbox 1156 3827 1191 3859; x_wconf 81' lang='lat' dir='ltr'>vs.</span> <span class='ocrx_word' id='word_1_391' title='bbox 1210 3807 1274 3860; x_wconf 74' lang='lat'>268:</span> 
     </span>
     <span class='ocr_line' id='line_1_42' title="bbox 216 3886 1275 3964; baseline -0.004 -22"><span class='ocrx_word' id='word_1_392' title='bbox 216 3891 297 3952; x_wconf 84' lang='lat' dir='ltr'>tibus,</span> <span class='ocrx_word' id='word_1_393' title='bbox 311 3912 424 3961; x_wconf 84' lang='lat' dir='ltr'>quorum</span> <span class='ocrx_word' id='word_1_394' title='bbox 435 3894 571 3964; x_wconf 81' lang='lat' dir='ltr'>regionem</span> <span class='ocrx_word' id='word_1_395' title='bbox 581 3895 662 3949; x_wconf 85' lang='lat' dir='ltr'>bostis</span> <span class='ocrx_word' id='word_1_396' title='bbox 674 3913 720 3949; x_wconf 88' lang='lat' dir='ltr'>oc·</span> <span class='ocrx_word' id='word_1_397' title='bbox 768 3911 781 3936; x_wconf 68' lang='grc' dir='ltr'>α</span> <span class='ocrx_word' id='word_1_398' title='bbox 795 3891 873 3944; x_wconf 87' lang='lat' dir='ltr'>Ibant</span> <span class='ocrx_word' id='word_1_399' title='bbox 889 3889 991 3942; x_wconf 90' lang='lat' dir='ltr'>obscuri</span> <span class='ocrx_word' id='word_1_400' title='bbox 1009 3888 1061 3941; x_wconf 86' lang='lat' dir='ltr'>sola</span> <span class='ocrx_word' id='word_1_401' title='bbox 1076 3886 1123 3938; x_wconf 84' lang='lat' dir='ltr'>sub</span> <span class='ocrx_word' id='word_1_402' title='bbox 1136 3894 1212 3936; x_wconf 88' lang='lat' dir='ltr'>nocte</span> <span class='ocrx_word' id='word_1_403' title='bbox 1226 3904 1275 3953; x_wconf 91' lang='lat' dir='ltr'>per</span> 
     </span>
     <span class='ocr_line' id='line_1_43' title="bbox 216 3967 1275 4040; baseline 0.008 -18"><span class='ocrx_word' id='word_1_404' title='bbox 216 3973 486 4040; x_wconf 79' lang='lat' dir='ltr'>cupat;quarnobrem</span> <span class='ocrx_word' id='word_1_405' title='bbox 492 3974 631 4028; x_wconf 88' lang='lat' dir='ltr'>lectionem</span> <span class='ocrx_word' id='word_1_406' title='bbox 638 3978 721 4027; x_wconf 79' lang='lat' dir='ltr'>u&#39;ctas</span> <span class='ocrx_word' id='word_1_407' title='bbox 770 3972 889 4025; x_wconf 90' lang='lat' dir='ltr'>umbram</span> <span class='ocrx_word' id='word_1_408' title='bbox 899 3992 906 4034; x_wconf 74' lang='grc' dir='ltr'>ς</span> <span class='ocrx_word' id='word_1_409' title='bbox 917 3993 930 4017; x_wconf 71' lang='lat' dir='ltr'>u</span> <span class='ocrx_word' id='word_1_410' title='bbox 941 3970 1006 4023; x_wconf 89' lang='lat' dir='ltr'>lbid.</span> <span class='ocrx_word' id='word_1_411' title='bbox 1014 3968 1056 4020; x_wconf 88' lang='lat' dir='ltr'>lib.</span> <span class='ocrx_word' id='word_1_412' title='bbox 1067 3968 1122 4030; x_wconf 68' lang='lat' dir='ltr'>xl,</span> <span class='ocrx_word' id='word_1_413' title='bbox 1133 3984 1199 4018; x_wconf 63' lang='grc' dir='ltr'>Μ·</span> <span class='ocrx_word' id='word_1_414' title='bbox 1211 3967 1256 4032; x_wconf 80' lang='lat'>57¹</span> <span class='ocrx_word' id='word_1_415' title='bbox 1267 3983 1275 4016; x_wconf 63' lang='grc' dir='ltr'><strong>ἲ</strong></span> 
     </span>
     <span class='ocr_line' id='line_1_44' title="bbox 217 4044 1273 4123; baseline -0.006 -23"><span class='ocrx_word' id='word_1_416' title='bbox 217 4053 352 4118; x_wconf 86' lang='lat' dir='ltr'>anteposui</span> <span class='ocrx_word' id='word_1_417' title='bbox 364 4050 465 4105; x_wconf 87' lang='lat' dir='ltr'>lectioni</span> <span class='ocrx_word' id='word_1_418' title='bbox 477 4057 583 4114; x_wconf 70' lang='lat' dir='ltr'>vinctas,</span> <span class='ocrx_word' id='word_1_419' title='bbox 596 4071 654 4123; x_wconf 77' lang='lat' dir='ltr'>quae</span> <span class='ocrx_word' id='word_1_420' title='bbox 665 4072 719 4107; x_wconf 90' lang='lat' dir='ltr'>non</span> <span class='ocrx_word' id='word_1_421' title='bbox 769 4074 782 4098; x_wconf 74' lang='grc' dir='ltr'>«ι</span> <span class='ocrx_word' id='word_1_422' title='bbox 793 4051 829 4103; x_wconf 82' lang='lat' dir='ltr'>Et</span> <span class='ocrx_word' id='word_1_423' title='bbox 840 4050 898 4103; x_wconf 87' lang='lat' dir='ltr'>solis</span> <span class='ocrx_word' id='word_1_424' title='bbox 906 4050 989 4117; x_wconf 75' lang='lat' dir='ltr'>exegit</span> <span class='ocrx_word' id='word_1_425' title='bbox 1001 4044 1134 4101; x_wconf 86' lang='lat' dir='ltr'>montibus</span> <span class='ocrx_word' id='word_1_426' title='bbox 1146 4060 1247 4104; x_wconf 79' lang='lat' dir='ltr'>aerum3</span> <span class='ocrx_word' id='word_1_427' title='bbox 1260 4065 1273 4088; x_wconf 70' lang='grc' dir='ltr'><strong>υ</strong></span> 
     </span>
     <span class='ocr_line' id='line_1_45' title="bbox 218 4121 1274 4200; baseline -0.006 -20"><span class='ocrx_word' id='word_1_428' title='bbox 218 4128 268 4183; x_wconf 88' lang='lat' dir='ltr'>nisi</span> <span class='ocrx_word' id='word_1_429' title='bbox 278 4128 462 4200; x_wconf 85' lang='lat' dir='ltr'>triumphatori</span> <span class='ocrx_word' id='word_1_430' title='bbox 472 4133 602 4188; x_wconf 77' lang='lat' dir='ltr'>oonrenit.</span> <span class='ocrx_word' id='word_1_431' title='bbox 769 4140 795 4183; x_wconf 89' lang='lat' dir='ltr'>et</span> <span class='ocrx_word' id='word_1_432' title='bbox 807 4127 874 4196; x_wconf 89' lang='lat' dir='ltr'>apud</span> <span class='ocrx_word' id='word_1_433' title='bbox 890 4126 1071 4196; x_wconf 85' lang='lat' dir='ltr'>Propertium,</span> <span class='ocrx_word' id='word_1_434' title='bbox 1083 4123 1127 4180; x_wconf 86' lang='lat' dir='ltr'>lib.</span> <span class='ocrx_word' id='word_1_435' title='bbox 1147 4122 1188 4191; x_wconf 90' lang='lat' dir='ltr'>ll,</span> <span class='ocrx_word' id='word_1_436' title='bbox 1201 4121 1274 4188; x_wconf 73' lang='lat' dir='ltr'>Eleg.</span> 
     </span>
    </p>
   </div>
   <div class='ocr_carea' id='block_1_4' title="bbox 0 0 1451 4762">
    <p class='ocr_par' dir='ltr' id='par_1_6' title="bbox 0 0 1451 4762">
     <span class='ocr_line' id='line_1_46' title="bbox 0 0 1451 4762; baseline 0 0"><span class='ocrx_word' id='word_1_437' title='bbox 0 0 1451 4762; x_wconf 95' lang='lat' dir='ltr'> </span> 
     </span>
    </p>
   </div>
  </div>
 </body>
</html>
