2828 4762
215 404 297 486 :eviij
370 482 373 487 ‚
501 403 562 464 nt:
592 401 744 466 anuto
774 401 996 464 TIBULLO

274 540 468 602 russerscus
489 553 631 612 nonius,
649 539 715 601 Silo.
734 536 830 599 Canu.
846 555 905 611 xv,
922 560 958 598 en
971 560 1092 619 persona
1107 540 1220 601 Tibulli.

378 670 414 723 Ut
429 668 526 735 Cidnus
539 669 620 723 nullas
633 669 731 735 sordes,
745 668 911 721 nitidissimus
923 669 1007 723 amnis

410 760 515 829 volvit,
531 774 556 812 et
570 782 583 812 a
598 763 659 815 limo
672 781 749 835 purus
761 759 856 833 ubique
869 761 941 815 fluit:

380 852 424 906 stc
434 874 505 920 mea,
517 855 648 906 Romanas
661 855 728 906 inter
739 853 875 905 castissime
885 852 987 918 Musas,

410 942 533 1014 Undique
545 943 629 995 nativo
640 940 706 994 cultu
721 943 810 995 decore
823 941 893 994 nitet.

376 1034 448 1107 Ergo
459 1032 515 1087 ulie
526 1033 640 1106 placeant
649 1048 739 1086 ornatu
751 1047 819 1086 trans
833 1052 902 1086 mars
914 1046 996 1085 sumto
1010 1050 1016 1083 :
1048 1049 1051 1057 ·

410 1126 502 1178 Nostra
512 1145 573 1193 suo,
587 1139 612 1177 ot
622 1126 702 1199 putrio
716 1126 738 1178 si
750 1125 832 1198 placet
845 1144 909 1190 uua,
923 1138 961 1178 sat
977 1137 1021 1178 est.

298 1270 450 1332 Aunesis
467 1269 655 1343 SertorwS,
673 1269 781 1330 Nodor.
794 1269 921 1330 Ciceron.
936 1267 1000 1328 Lib.
1014 1269 1051 1342 l,
1070 1288 1133 1350 cop.
1145 1283 1205 1328 vlt.

254 1394 387 1458 Tibullus
400 1408 494 1458 autem
510 1396 623 1479 elegans
641 1395 734 1455 Latini
747 1396 888 1457 sermonis
904 1407 998 1474 poeta.

546 1543 648 1617 ldern,
661 1542 787 1617 ibidem,
806 1565 869 1627 cap.
887 1561 959 1604 vul.

225 1760 228 1765 ι
254 1676 311 1737 Est
333 1698 423 1758 purus
445 1688 474 1736 et
494 1675 628 1758 elegans,
653 1673 804 1756 bonusque
826 1675 987 1737 Latinitatis
1006 1687 1109 1738 auctor
1129 1674 1283 1748 Tibullus,

214 1782 311 1864 Eques
329 1793 359 1842 et
380 1782 440 1859 ipse
455 1783 622 1853 Romanus,
640 1801 696 1863 qua
713 1792 901 1858 tempestate,
918 1795 952 1842 ut
968 1782 1128 1865 hodieque,
1144 1781 1284 1844 nobilium

214 1909 297 1969 quam
310 1885 487 1964 plebeiorum
503 1884 607 1947 cultior
621 1907 653 1945 ac
667 1886 786 1964 politior
802 1909 896 1948 sermo
907 1886 972 1948 luit.

378 2043 481 2116 Idem,
505 2043 650 2103 Obsrrout.
669 2043 796 2103 Human.
812 2044 878 2103 Lib.
891 2044 943 2118 Π,
960 2065 1023 2124 cap.
1040 2058 1111 2105 xttt.

210 2206 212 2210 ·
254 2175 350 2236 Scitus
366 2186 395 2234 et
410 2175 523 2259 elegans
539 2188 603 2236 tum
619 2175 650 2234 in
666 2174 782 2248 verbis,
798 2188 861 2237 tum
876 2177 909 2237 in
923 2176 1048 2237 numeris
1062 2175 1214 2237 Tibullus:
1232 2175 1283 2235 sed

212 2281 264 2365 qui
276 2303 293 2342 e
305 2280 416 2343 Graeeis
432 2280 560 2342 lontibus
574 2279 707 2363 pleraque
722 2281 899 2360 expresserit.

381 2438 473 2498 Casu.
489 2437 675 2509 sturmus,
691 2437 757 2498 Lib.
772 2440 839 2511 IV,
856 2438 975 2501 Adsere.
990 2458 1053 2517 cup.
1069 2452 1115 2497 xr.

253 2572 295 2630 Et
306 2570 369 2652 quis
379 2568 483 2631 melior
495 2568 604 2629 Tibulli
619 2569 782 2647 expositor,
797 2592 880 2651 quam
890 2570 1045 2632 Tibullus?
1057 2569 1107 2652 qui
1116 2581 1162 2632 tot
1172 2570 1283 2632 saeculis

214 2699 310 2757 parem
326 2698 386 2738 uon
408 2677 525 2749 habuit,
547 2697 579 2737 ac
600 2697 637 2737 ne
653 2676 824 2739 imitatorem
841 2677 979 2759 quidem,
1001 2699 1086 2758 quem
1107 2699 1173 2739 sane
1187 2689 1285 2740 nostra

214 2784 316 2846 saecula
332 2783 448 2868 legant?
463 2785 504 2843 Et
518 2783 673 2865 ssepissime
687 2784 804 2845 miratus
818 2806 881 2844 sum
897 2785 953 2846 lsoc
967 2781 1056 2847 latum
1067 2787 1205 2847 Romanus
1220 2786 1284 2845 Ec-

214 2888 324 2960 clesiae3
340 2900 370 2948 et
383 2889 512 2949 floruisse
524 2902 552 2948 et
568 2888 732 2950 defloruisse
748 2913 804 2951 uua
817 2902 900 2951 astate
915 2889 1090 2950 Amatoriam
1108 2893 1168 2972 ejus
1178 2893 1283 2951 Vene-

214 3015 293 3067 rem,
310 3005 445 3075 quantum
465 2992 579 3074 quidem
597 2994 633 3052 ad
649 3015 703 3054 nos
722 2994 847 3071 pertinet
865 3018 873 3053 ε
894 3017 957 3054 nam
975 2995 1111 3055 Martialis
1125 3009 1154 3056 et
1170 2996 1282 3078 Papinii

214 3109 316 3172 aetate,
337 3098 417 3181 quod
439 3119 473 3157 eu
489 3098 558 3175 ipsis
579 3110 609 3158 et
624 3099 721 3160 Plinio
739 3101 822 3160 etiam
843 3100 956 3182 juniore
982 3114 1113 3175 constat,
1136 3103 1200 3165 talia
1220 3125 1281 3164 non

213 3205 296 3288 pauci
312 3204 497 3286 scripserunt.
508 3205 616 3267 Vernrn
629 3227 695 3265 cum
705 3205 774 3289 ipsis
784 3207 843 3268 lere
858 3183 1022 3273 nominibus
1032 3221 1062 3269 et
1077 3209 1146 3269 hiet
1156 3231 1282 3292 sequen-

214 3313 252 3374 tis
265 3311 319 3374 arvi
336 3311 515 3377 interierunt.

289 3473 461 3532 viucuuzo
478 3470 647 3547 Gravius,
666 3474 713 3531 nel
725 3471 864 3534 Discursu
880 3474 951 3534 delle
966 3475 1067 3535 Fasole
1082 3476 1206 3536 undele.

257 3604 374 3668 Tibullo
387 3607 404 3665 ὲ
419 3603 504 3681 pieno
521 3603 550 3662 di
564 3603 690 3678 soaritb,
706 3604 735 3664 di
752 3604 855 3690 grauia,
870 3605 899 3665 di
916 3617 1072 3682 tenererua,
1088 3606 1116 3666 di
1134 3605 1283 3687 passione,

217 3716 246 3776 di
265 3714 380 3798 puritb,
398 3734 414 3773 e
430 3709 458 3771 d’
472 3713 616 3794 elegauua,
635 3723 715 3772 tanto
739 3712 786 3772 uel
807 3734 928 3775 numero
946 3726 1053 3797 quanto
1075 3713 1148 3776 nelle
1164 3711 1280 3794 parole,

217 3822 424 3906 meravigliosa,
437 3842 454 3880 e
468 3817 597 3903 perfetta.
692 3892 696 3906 ¹

493 3951 618 4011 Persus
635 3950 813 4011 Lorrcurus
834 3952 1014 4014 Sucuuuus

373 4083 443 4135 Talis
457 4082 484 4133 iu
496 4080 629 4133 Aonidum
641 4077 735 4151 patria,
750 4079 867 4150 silvisque
878 4080 957 4133 beatis

404 4173 509 4225 Perlluit
519 4185 627 4227 eternus
640 4183 724 4223 sancta
735 4171 814 4223 vireta
826 4171 918 4241 liquor.
