<?xml version="1.0" encoding="UTF-8"?>
<!DOCTYPE html PUBLIC "-//W3C//DTD XHTML 1.0 Transitional//EN"
    "http://www.w3.org/TR/xhtml1/DTD/xhtml1-transitional.dtd">
<html xmlns="http://www.w3.org/1999/xhtml" xml:lang="en" lang="en">
 <head>
  <title>
</title>
<meta http-equiv="Content-Type" content="text/html;charset=utf-8" />
  <meta name='ocr-system' content='tesseract 3.04.00' />
  <meta name='ocr-capabilities' content='ocr_page ocr_carea ocr_par ocr_line ocrx_word'/>
</head>
<body>
  <div class='ocr_page' id='page_1' title='image "albiitibulliqua01golbgoog_0021.png"; bbox 0 0 2722 4762; ppageno 0'>
   <div class='ocr_carea' id='block_1_1' title="bbox 186 292 1048 410">
    <p class='ocr_par' dir='ltr' id='par_1_1' title="bbox 186 292 1048 410">
     <span class='ocr_line' id='line_1_1' title="bbox 186 292 1048 410; baseline 0.006 -20"><span class='ocrx_word' id='word_1_1' title='bbox 186 331 230 410; x_wconf 70' lang='lat' dir='ltr'><strong>xvj</strong></span> <span class='ocrx_word' id='word_1_2' title='bbox 452 331 704 394; x_wconf 66' lang='lat' dir='ltr'><strong>rnnrurro</strong></span> <span class='ocrx_word' id='word_1_3' title='bbox 733 330 972 394; x_wconf 76' lang='lat' dir='ltr'><strong>rotronis.</strong></span> <span class='ocrx_word' id='word_1_4' title='bbox 1041 292 1048 298; x_wconf 44' lang='lat'>⁵</span> 
     </span>
    </p>
   </div>
   <div class='ocr_carea' id='block_1_2' title="bbox 606 541 823 596">
    <p class='ocr_par' dir='ltr' id='par_1_2' title="bbox 606 541 823 596">
     <span class='ocr_line' id='line_1_2' title="bbox 606 541 823 596; baseline -0.005 0"><span class='ocrx_word' id='word_1_5' title='bbox 606 541 823 596; x_wconf 77' lang='lat' dir='ltr'><strong>TIBULLUS.</strong></span> 
     </span>
    </p>
   </div>
   <div class='ocr_carea' id='block_1_3' title="bbox 121 709 1351 2540">
    <p class='ocr_par' dir='ltr' id='par_1_3' title="bbox 121 709 1351 2540">
     <span class='ocr_line' id='line_1_3' title="bbox 234 709 1246 814; baseline 0.003 -30"><span class='ocrx_word' id='word_1_6' title='bbox 234 712 283 784; x_wconf 88' lang='lat' dir='ltr'><strong>Ne</strong></span> <span class='ocrx_word' id='word_1_7' title='bbox 299 709 685 814; x_wconf 47' lang='lat' dir='ltr'><strong>animum‘despondeas,</strong></span> <span class='ocrx_word' id='word_1_8' title='bbox 703 741 838 813; x_wconf 83' lang='lat' dir='ltr'>precor,</span> <span class='ocrx_word' id='word_1_9' title='bbox 856 713 967 786; x_wconf 83' lang='lat' dir='ltr'><strong>amice.</strong></span> <span class='ocrx_word' id='word_1_10' title='bbox 987 712 1078 786; x_wconf 83' lang='lat' dir='ltr'>Licet</span> <span class='ocrx_word' id='word_1_11' title='bbox 1098 713 1183 787; x_wconf 91' lang='lat' dir='ltr'><strong>enim</strong></span> <span class='ocrx_word' id='word_1_12' title='bbox 1197 712 1246 787; x_wconf 93' lang='lat' dir='ltr'><strong>illi</strong></span> 
     </span>
     <span class='ocr_line' id='line_1_4' title="bbox 185 826 1247 928; baseline 0.002 -29"><span class='ocrx_word' id='word_1_13' title='bbox 185 826 352 915; x_wconf 86' lang='lat' dir='ltr'><strong>homines,</strong></span> <span class='ocrx_word' id='word_1_14' title='bbox 371 857 455 928; x_wconf 87' lang='lat' dir='ltr'><strong>quos</strong></span> <span class='ocrx_word' id='word_1_15' title='bbox 470 828 664 916; x_wconf 82' lang='lat' dir='ltr'>nominasti,</span> <span class='ocrx_word' id='word_1_16' title='bbox 685 846 717 902; x_wconf 89' lang='lat' dir='ltr'><strong>te</strong></span> <span class='ocrx_word' id='word_1_17' title='bbox 736 828 771 900; x_wconf 91' lang='lat' dir='ltr'><strong>in</strong></span> <span class='ocrx_word' id='word_1_18' title='bbox 789 828 942 902; x_wconf 90' lang='lat' dir='ltr'><strong>omnibus</strong></span> <span class='ocrx_word' id='word_1_19' title='bbox 957 827 1055 923; x_wconf 88' lang='lat' dir='ltr'><strong>longe</strong></span> <span class='ocrx_word' id='word_1_20' title='bbox 1070 846 1247 927; x_wconf 77' lang='lat' dir='ltr'><strong>praestent,</strong></span> 
     </span>
     <span class='ocr_line' id='line_1_5' title="bbox 186 944 1248 1046; baseline 0.003 -30"><span class='ocrx_word' id='word_1_21' title='bbox 186 962 265 1017; x_wconf 89' lang='lat' dir='ltr'><strong>sunt</strong></span> <span class='ocrx_word' id='word_1_22' title='bbox 282 962 390 1018; x_wconf 88' lang='lat' dir='ltr'><strong>tamen</strong></span> <span class='ocrx_word' id='word_1_23' title='bbox 405 944 553 1046; x_wconf 78' lang='lat' dir='ltr'><strong>quadam</strong></span> <span class='ocrx_word' id='word_1_24' title='bbox 568 946 603 1017; x_wconf 90' lang='lat' dir='ltr'><strong>in</strong></span> <span class='ocrx_word' id='word_1_25' title='bbox 622 944 742 1045; x_wconf 90' lang='lat' dir='ltr'><strong>quibus</strong></span> <span class='ocrx_word' id='word_1_26' title='bbox 760 972 822 1017; x_wconf 89' lang='lat' dir='ltr'><strong>nos</strong></span> <span class='ocrx_word' id='word_1_27' title='bbox 839 944 993 1036; x_wconf 84' lang='lat' dir='ltr'><strong>adjuvare</strong></span> <span class='ocrx_word' id='word_1_28' title='bbox 1010 945 1128 1044; x_wconf 89' lang='lat' dir='ltr'><strong>possis.</strong></span> <span class='ocrx_word' id='word_1_29' title='bbox 1144 945 1248 1041; x_wconf 85' lang='lat' dir='ltr'><strong>Quod</strong></span> 
     </span>
     <span class='ocr_line' id='line_1_6' title="bbox 185 1055 1251 1157; baseline 0.002 -28"><span class='ocrx_word' id='word_1_30' title='bbox 185 1057 227 1130; x_wconf 84' lang='lat' dir='ltr'><strong>ad</strong></span> <span class='ocrx_word' id='word_1_31' title='bbox 237 1055 394 1131; x_wconf 83' lang='lat' dir='ltr'><strong>lectiones</strong></span> <span class='ocrx_word' id='word_1_32' title='bbox 406 1058 539 1146; x_wconf 80' lang='lat' dir='ltr'><strong>attinet,</strong></span> <span class='ocrx_word' id='word_1_33' title='bbox 551 1059 617 1131; x_wconf 86' lang='lat' dir='ltr'><strong>fata</strong></span> <span class='ocrx_word' id='word_1_34' title='bbox 626 1057 730 1131; x_wconf 85' lang='lat' dir='ltr'><strong>invisa</strong></span> <span class='ocrx_word' id='word_1_35' title='bbox 743 1085 795 1140; x_wconf 78' lang='lat' dir='ltr'><strong>rue</strong></span> <span class='ocrx_word' id='word_1_36' title='bbox 804 1056 894 1157; x_wconf 92' lang='lat' dir='ltr'><strong>loqui</strong></span> <span class='ocrx_word' id='word_1_37' title='bbox 907 1074 1017 1130; x_wconf 88' lang='lat' dir='ltr'><strong>vetant</strong></span> <span class='ocrx_word' id='word_1_38' title='bbox 1027 1086 1035 1141; x_wconf 85' lang='lat'>;</span> <span class='ocrx_word' id='word_1_39' title='bbox 1046 1085 1177 1132; x_wconf 87' lang='lat' dir='ltr'><strong>necesse</strong></span> <span class='ocrx_word' id='word_1_40' title='bbox 1189 1057 1251 1131; x_wconf 93' lang='lat' dir='ltr'><strong>erit</strong></span> 
     </span>
     <span class='ocr_line' id='line_1_7' title="bbox 186 1170 1251 1273; baseline 0.003 -30"><span class='ocrx_word' id='word_1_41' title='bbox 186 1170 303 1268; x_wconf 88' lang='lat' dir='ltr'><strong>igitur,</strong></span> <span class='ocrx_word' id='word_1_42' title='bbox 322 1170 462 1273; x_wconf 86' lang='lat' dir='ltr'><strong>optimas</strong></span> <span class='ocrx_word' id='word_1_43' title='bbox 478 1199 516 1245; x_wconf 83' lang='lat' dir='ltr'><strong>ex</strong></span> <span class='ocrx_word' id='word_1_44' title='bbox 532 1170 613 1260; x_wconf 87' lang='lat' dir='ltr'><strong>illis,</strong></span> <span class='ocrx_word' id='word_1_45' title='bbox 630 1200 712 1272; x_wconf 88' lang='lat' dir='ltr'><strong>quas</strong></span> <span class='ocrx_word' id='word_1_46' title='bbox 727 1171 870 1245; x_wconf 82' lang='lat' dir='ltr'><strong>ollerunt</strong></span> <span class='ocrx_word' id='word_1_47' title='bbox 883 1171 976 1259; x_wconf 86' lang='lat' dir='ltr'>libri,</span> <span class='ocrx_word' id='word_1_48' title='bbox 991 1172 1108 1269; x_wconf 88' lang='lat' dir='ltr'><strong>seligas</strong></span> <span class='ocrx_word' id='word_1_49' title='bbox 1124 1172 1251 1246; x_wconf 87' lang='lat' dir='ltr'><strong>:facilis</strong></span> 
     </span>
     <span class='ocr_line' id='line_1_8' title="bbox 190 1284 1252 1388; baseline 0.002 -29"><span class='ocrx_word' id='word_1_50' title='bbox 190 1302 223 1359; x_wconf 91' lang='lat' dir='ltr'><strong>et</strong></span> <span class='ocrx_word' id='word_1_51' title='bbox 237 1284 315 1358; x_wconf 80' lang='lat' dir='ltr'><strong>felir</strong></span> <span class='ocrx_word' id='word_1_52' title='bbox 334 1286 395 1360; x_wconf 90' lang='lat' dir='ltr'><strong>erit</strong></span> <span class='ocrx_word' id='word_1_53' title='bbox 411 1286 523 1374; x_wconf 90' lang='lat' dir='ltr'><strong>labor,</strong></span> <span class='ocrx_word' id='word_1_54' title='bbox 543 1289 621 1361; x_wconf 90' lang='lat' dir='ltr'><strong>dum</strong></span> <span class='ocrx_word' id='word_1_55' title='bbox 635 1287 851 1388; x_wconf 83' lang='lat' dir='ltr'>simpliciores</span> <span class='ocrx_word' id='word_1_56' title='bbox 867 1287 1053 1387; x_wconf 82' lang='lat' dir='ltr'><strong>amplexus,</strong></span> <span class='ocrx_word' id='word_1_57' title='bbox 1071 1305 1107 1362; x_wconf 90' lang='lat' dir='ltr'><strong>tu</strong></span> <span class='ocrx_word' id='word_1_58' title='bbox 1120 1316 1252 1363; x_wconf 88' lang='lat' dir='ltr'><strong>sensum</strong></span> 
     </span>
     <span class='ocr_line' id='line_1_9' title="bbox 188 1399 1253 1503; baseline 0.002 -32"><span class='ocrx_word' id='word_1_59' title='bbox 188 1426 318 1500; x_wconf 85' lang='lat' dir='ltr'>semper</span> <span class='ocrx_word' id='word_1_60' title='bbox 337 1401 394 1500; x_wconf 93' lang='lat' dir='ltr'><strong>qui</strong></span> <span class='ocrx_word' id='word_1_61' title='bbox 413 1399 448 1473; x_wconf 91' lang='lat' dir='ltr'><strong>in</strong></span> <span class='ocrx_word' id='word_1_62' title='bbox 465 1417 624 1503; x_wconf 90' lang='lat' dir='ltr'><strong>promptu</strong></span> <span class='ocrx_word' id='word_1_63' title='bbox 651 1401 734 1488; x_wconf 88' lang='lat' dir='ltr'><strong>erit,</strong></span> <span class='ocrx_word' id='word_1_64' title='bbox 756 1401 919 1501; x_wconf 88' lang='lat' dir='ltr'><strong>sequaris,</strong></span> <span class='ocrx_word' id='word_1_65' title='bbox 946 1417 979 1474; x_wconf 88' lang='lat' dir='ltr'><strong>et</strong></span> <span class='ocrx_word' id='word_1_66' title='bbox 1005 1401 1128 1502; x_wconf 89' lang='lat' dir='ltr'><strong>peritas</strong></span> <span class='ocrx_word' id='word_1_67' title='bbox 1153 1418 1253 1500; x_wconf 86' lang='lat' dir='ltr'><strong>atque</strong></span> 
     </span>
     <span class='ocr_line' id='line_1_10' title="bbox 121 1513 1253 1617; baseline 0 -29"><span class='ocrx_word' id='word_1_68' title='bbox 121 1562 126 1573; x_wconf 91' lang='lat'>·</span> <span class='ocrx_word' id='word_1_69' title='bbox 188 1513 287 1612; x_wconf 92' lang='lat' dir='ltr'><strong>longe</strong></span> <span class='ocrx_word' id='word_1_70' title='bbox 297 1517 417 1615; x_wconf 87' lang='lat' dir='ltr'><strong>petitas</strong></span> <span class='ocrx_word' id='word_1_71' title='bbox 428 1515 585 1615; x_wconf 86' lang='lat' dir='ltr'><strong>lectiones</strong></span> <span class='ocrx_word' id='word_1_72' title='bbox 596 1515 725 1588; x_wconf 87' lang='lat' dir='ltr'><strong>latitare</strong></span> <span class='ocrx_word' id='word_1_73' title='bbox 736 1514 835 1589; x_wconf 89' lang='lat' dir='ltr'><strong>sinas.</strong></span> <span class='ocrx_word' id='word_1_74' title='bbox 848 1516 1088 1612; x_wconf 80' lang='lat' dir='ltr'><strong>Elegantiaevel</strong></span> <span class='ocrx_word' id='word_1_75' title='bbox 1098 1515 1253 1617; x_wconf 82' lang='lat' dir='ltr'><strong>exquisiti</strong></span> 
     </span>
     <span class='ocr_line' id='line_1_11' title="bbox 190 1617 1254 1733; baseline -0.002 -27"><span class='ocrx_word' id='word_1_76' title='bbox 190 1617 306 1706; x_wconf 86' lang='lat' dir='ltr'><strong>sensus</strong></span> <span class='ocrx_word' id='word_1_77' title='bbox 318 1632 416 1705; x_wconf 87' lang='lat' dir='ltr'><strong>nimia</strong></span> <span class='ocrx_word' id='word_1_78' title='bbox 431 1629 631 1705; x_wconf 88' lang='lat' dir='ltr'><strong>consectatio</strong></span> <span class='ocrx_word' id='word_1_79' title='bbox 642 1629 836 1731; x_wconf 86' lang='lat' dir='ltr'><strong>plerumque</strong></span> <span class='ocrx_word' id='word_1_80' title='bbox 850 1632 1047 1732; x_wconf 81' lang='lat' dir='ltr'><strong>interpretes</strong></span> <span class='ocrx_word' id='word_1_81' title='bbox 1062 1632 1207 1733; x_wconf 84' lang='lat' dir='ltr'><strong>decepit,</strong></span> <span class='ocrx_word' id='word_1_82' title='bbox 1222 1648 1254 1704; x_wconf 95' lang='lat' dir='ltr'><strong>et</strong></span> 
     </span>
     <span class='ocr_line' id='line_1_12' title="bbox 188 1746 1254 1848; baseline -0.001 -26"><span class='ocrx_word' id='word_1_83' title='bbox 188 1777 291 1822; x_wconf 79' lang='lat' dir='ltr'><strong>avesa</strong></span> <span class='ocrx_word' id='word_1_84' title='bbox 303 1749 465 1847; x_wconf 81' lang='lat' dir='ltr'><strong>scriptura</strong></span> <span class='ocrx_word' id='word_1_85' title='bbox 477 1747 636 1820; x_wconf 83' lang='lat' dir='ltr'><strong>avocavit.</strong></span> <span class='ocrx_word' id='word_1_86' title='bbox 656 1746 757 1830; x_wconf 84' lang='lat' dir='ltr'><strong>Mihi,</strong></span> <span class='ocrx_word' id='word_1_87' title='bbox 770 1747 1068 1848; x_wconf 79' lang='lat' dir='ltr'><strong>pariterqnelleliae</strong></span> <span class='ocrx_word' id='word_1_88' title='bbox 1082 1767 1115 1821; x_wconf 91' lang='lat' dir='ltr'><strong>et</strong></span> <span class='ocrx_word' id='word_1_89' title='bbox 1124 1750 1254 1823; x_wconf 88' lang='lat' dir='ltr'><strong>Nemesi</strong></span> 
     </span>
     <span class='ocr_line' id='line_1_13' title="bbox 190 1847 1255 1963; baseline 0.001 -28"><span class='ocrx_word' id='word_1_90' title='bbox 190 1847 347 1948; x_wconf 83' lang='lat' dir='ltr'><strong>concede,</strong></span> <span class='ocrx_word' id='word_1_91' title='bbox 361 1879 398 1933; x_wconf 87' lang='lat' dir='ltr'><strong>ut</strong></span> <span class='ocrx_word' id='word_1_92' title='bbox 411 1860 521 1959; x_wconf 88' lang='lat' dir='ltr'><strong>quiete</strong></span> <span class='ocrx_word' id='word_1_93' title='bbox 531 1858 730 1933; x_wconf 84' lang='lat' dir='ltr'><strong>carminibus</strong></span> <span class='ocrx_word' id='word_1_94' title='bbox 740 1859 806 1933; x_wconf 84' lang='lat' dir='ltr'><strong>frui</strong></span> <span class='ocrx_word' id='word_1_95' title='bbox 820 1860 999 1963; x_wconf 82' lang='lat' dir='ltr'><strong>possimus;</strong></span> <span class='ocrx_word' id='word_1_96' title='bbox 1012 1889 1119 1962; x_wconf 90' lang='lat' dir='ltr'><strong>neque</strong></span> <span class='ocrx_word' id='word_1_97' title='bbox 1125 1863 1255 1963; x_wconf 82' lang='lat' dir='ltr'><strong>Lygda-</strong></span> 
     </span>
     <span class='ocr_line' id='line_1_14' title="bbox 189 1977 1351 2079; baseline -0.001 -25"><span class='ocrx_word' id='word_1_98' title='bbox 189 1977 1116 2078; x_wconf 84' lang='lat' dir='ltr'><strong>mumexcogita,cuimagnameorumpartemcondones,</strong></span> <span class='ocrx_word' id='word_1_99' title='bbox 1131 1981 1256 2079; x_wconf 91' lang='lat' dir='ltr'><strong>quippe</strong></span> <span class='ocrx_word' id='word_1_100' title='bbox 1348 2051 1351 2060; x_wconf 76' lang='grc'>,</span> 
     </span>
     <span class='ocr_line' id='line_1_15' title="bbox 151 2089 1253 2195; baseline -0.001 -28"><span class='ocrx_word' id='word_1_101' title='bbox 151 2144 153 2157; x_wconf 67' lang='lat'><em>‹</em></span> <span class='ocrx_word' id='word_1_102' title='bbox 188 2095 248 2195; x_wconf 78' lang='lat' dir='ltr'><strong>‘qui</strong></span> <span class='ocrx_word' id='word_1_103' title='bbox 261 2095 448 2194; x_wconf 76' lang='lat' dir='ltr'><strong>Lygdamus</strong></span> <span class='ocrx_word' id='word_1_104' title='bbox 462 2093 535 2192; x_wconf 91' lang='lat' dir='ltr'><strong>ipse</strong></span> <span class='ocrx_word' id='word_1_105' title='bbox 549 2091 681 2178; x_wconf 86' lang='lat' dir='ltr'><strong>fuerim,</strong></span> <span class='ocrx_word' id='word_1_106' title='bbox 701 2089 777 2165; x_wconf 89' lang='lat' dir='ltr'><strong>licet</strong></span> <span class='ocrx_word' id='word_1_107' title='bbox 789 2110 846 2164; x_wconf 94' lang='lat' dir='ltr'><strong>tuo</strong></span> <span class='ocrx_word' id='word_1_108' title='bbox 862 2092 983 2165; x_wconf 84' lang='lat' dir='ltr'><strong>Vossio</strong></span> <span class='ocrx_word' id='word_1_109' title='bbox 996 2091 1050 2163; x_wconf 81' lang='lat' dir='ltr'><strong>itia</strong></span> <span class='ocrx_word' id='word_1_110' title='bbox 1066 2109 1253 2192; x_wconf 75' lang='lat' dir='ltr'><strong>turpantur.</strong></span> 
     </span>
     <span class='ocr_line' id='line_1_16' title="bbox 189 2207 1255 2310; baseline 0 -28"><span class='ocrx_word' id='word_1_111' title='bbox 189 2210 243 2283; x_wconf 89' lang='lat' dir='ltr'><strong>De</strong></span> <span class='ocrx_word' id='word_1_112' title='bbox 256 2211 369 2282; x_wconf 79' lang='lat' dir='ltr'><strong>Neara</strong></span> <span class='ocrx_word' id='word_1_113' title='bbox 382 2236 514 2308; x_wconf 90' lang='lat' dir='ltr'><strong>quoque</strong></span> <span class='ocrx_word' id='word_1_114' title='bbox 531 2226 617 2295; x_wconf 90' lang='lat' dir='ltr'><strong>tace,</strong></span> <span class='ocrx_word' id='word_1_115' title='bbox 635 2208 725 2308; x_wconf 90' lang='lat' dir='ltr'><strong>quod</strong></span> <span class='ocrx_word' id='word_1_116' title='bbox 741 2207 989 2309; x_wconf 86' lang='lat' dir='ltr'><strong>supposititium</strong></span> <span class='ocrx_word' id='word_1_117' title='bbox 1005 2235 1145 2296; x_wconf 88' lang='lat' dir='ltr'><strong>nornen,</strong></span> <span class='ocrx_word' id='word_1_118' title='bbox 1163 2236 1255 2310; x_wconf 83' lang='lat' dir='ltr'><strong>aeque</strong></span> 
     </span>
     <span class='ocr_line' id='line_1_17' title="bbox 191 2309 1257 2425; baseline -0.001 -27"><span class='ocrx_word' id='word_1_119' title='bbox 191 2354 228 2398; x_wconf 89' lang='lat' dir='ltr'><strong>ac</strong></span> <span class='ocrx_word' id='word_1_120' title='bbox 241 2322 324 2397; x_wconf 93' lang='lat' dir='ltr'><strong>illud</strong></span> <span class='ocrx_word' id='word_1_121' title='bbox 345 2322 505 2423; x_wconf 70' lang='lat' dir='ltr'><strong>Glycerae,</strong></span> <span class='ocrx_word' id='word_1_122' title='bbox 525 2309 647 2396; x_wconf 87' lang='lat' dir='ltr'><strong>multos</strong></span> <span class='ocrx_word' id='word_1_123' title='bbox 664 2320 795 2408; x_wconf 78' lang='lat' dir='ltr'><strong>fefellit;</strong></span> <span class='ocrx_word' id='word_1_124' title='bbox 811 2321 932 2424; x_wconf 88' lang='lat' dir='ltr'><strong>quibus</strong></span> <span class='ocrx_word' id='word_1_125' title='bbox 947 2351 1008 2425; x_wconf 93' lang='lat' dir='ltr'><strong>pro</strong></span> <span class='ocrx_word' id='word_1_126' title='bbox 1024 2351 1121 2422; x_wconf 79' lang='lat' dir='ltr'><strong>poena</strong></span> <span class='ocrx_word' id='word_1_127' title='bbox 1137 2324 1196 2412; x_wconf 88' lang='lat' dir='ltr'><strong>sit,</strong></span> <span class='ocrx_word' id='word_1_128' title='bbox 1220 2343 1257 2397; x_wconf 94' lang='lat' dir='ltr'><strong>ut</strong></span> 
     </span>
     <span class='ocr_line' id='line_1_18' title="bbox 193 2434 1258 2540; baseline -0.002 -24"><span class='ocrx_word' id='word_1_129' title='bbox 193 2441 289 2516; x_wconf 85' lang='lat' dir='ltr'><strong>etiarn</strong></span> <span class='ocrx_word' id='word_1_130' title='bbox 301 2437 429 2527; x_wconf 87' lang='lat' dir='ltr'><strong>nullas,</strong></span> <span class='ocrx_word' id='word_1_131' title='bbox 449 2440 514 2512; x_wconf 90' lang='lat' dir='ltr'><strong>nisi</strong></span> <span class='ocrx_word' id='word_1_132' title='bbox 527 2468 599 2540; x_wconf 82' lang='lat' dir='ltr'><strong>quae</strong></span> <span class='ocrx_word' id='word_1_133' title='bbox 614 2434 747 2513; x_wconf 86' lang='lat' dir='ltr'><strong>nomine</strong></span> <span class='ocrx_word' id='word_1_134' title='bbox 765 2457 893 2513; x_wconf 87' lang='lat' dir='ltr'><strong>tantum</strong></span> <span class='ocrx_word' id='word_1_135' title='bbox 913 2439 1112 2530; x_wconf 78' lang='lat' dir='ltr'><strong>exstiterint,</strong></span> <span class='ocrx_word' id='word_1_136' title='bbox 1132 2440 1167 2514; x_wconf 94' lang='lat' dir='ltr'><strong>in</strong></span> <span class='ocrx_word' id='word_1_137' title='bbox 1187 2469 1258 2514; x_wconf 90' lang='lat' dir='ltr'><strong>am-</strong></span> 
     </span>
    </p>
   </div>
   <div class='ocr_carea' id='block_1_4' title="bbox 69 2554 1260 2658">
    <p class='ocr_par' dir='ltr' id='par_1_4' title="bbox 69 2554 1260 2658">
     <span class='ocr_line' id='line_1_19' title="bbox 69 2554 1260 2658; baseline 0.001 -29"><span class='ocrx_word' id='word_1_138' title='bbox 69 2594 74 2603; x_wconf 95' lang='lat'>·</span> <span class='ocrx_word' id='word_1_139' title='bbox 192 2555 347 2658; x_wconf 76' lang='lat' dir='ltr'><strong>plexibus</strong></span> <span class='ocrx_word' id='word_1_140' title='bbox 360 2554 516 2629; x_wconf 89' lang='lat' dir='ltr'><strong>habeant.</strong></span> <span class='ocrx_word' id='word_1_141' title='bbox 532 2557 651 2642; x_wconf 88' lang='lat' dir='ltr'><strong>Utere,</strong></span> <span class='ocrx_word' id='word_1_142' title='bbox 669 2583 796 2656; x_wconf 84' lang='lat' dir='ltr'><strong>quaeso,</strong></span> <span class='ocrx_word' id='word_1_143' title='bbox 815 2572 908 2630; x_wconf 88' lang='lat' dir='ltr'><strong>utere</strong></span> <span class='ocrx_word' id='word_1_144' title='bbox 920 2557 1095 2630; x_wconf 89' lang='lat' dir='ltr'><strong>doctorum</strong></span> <span class='ocrx_word' id='word_1_145' title='bbox 1106 2555 1260 2630; x_wconf 87' lang='lat' dir='ltr'><strong>lucubra-</strong></span> 
     </span>
    </p>
   </div>
   <div class='ocr_carea' id='block_1_5' title="bbox 195 2669 1268 4159">
    <p class='ocr_par' dir='ltr' id='par_1_5' title="bbox 195 2669 1268 4159">
     <span class='ocr_line' id='line_1_20' title="bbox 195 2669 1260 2772; baseline 0 -28"><span class='ocrx_word' id='word_1_146' title='bbox 195 2670 360 2758; x_wconf 90' lang='lat' dir='ltr'><strong>tionibus,</strong></span> <span class='ocrx_word' id='word_1_147' title='bbox 376 2670 460 2744; x_wconf 93' lang='lat' dir='ltr'><strong>utin</strong></span> <span class='ocrx_word' id='word_1_148' title='bbox 476 2669 717 2744; x_wconf 83' lang='lat' dir='ltr'><strong>commentariis</strong></span> <span class='ocrx_word' id='word_1_149' title='bbox 733 2669 926 2772; x_wconf 87' lang='lat' dir='ltr'><strong>plerumque</strong></span> <span class='ocrx_word' id='word_1_150' title='bbox 941 2671 1102 2744; x_wconf 83' lang='lat' dir='ltr'><strong>Huschkii</strong></span> <span class='ocrx_word' id='word_1_151' title='bbox 1114 2670 1260 2766; x_wconf 84' lang='lat' dir='ltr'><strong>vestigiis</strong></span> 
     </span>
     <span class='ocr_line' id='line_1_21' title="bbox 195 2785 1260 2885; baseline -0.001 -25"><span class='ocrx_word' id='word_1_152' title='bbox 195 2787 346 2878; x_wconf 77' lang='lat' dir='ltr'><strong>insistas,</strong></span> <span class='ocrx_word' id='word_1_153' title='bbox 371 2806 404 2861; x_wconf 90' lang='lat' dir='ltr'><strong>et</strong></span> <span class='ocrx_word' id='word_1_154' title='bbox 419 2789 463 2860; x_wconf 82' lang='lat' dir='ltr'><strong>fl.</strong></span> <span class='ocrx_word' id='word_1_155' title='bbox 487 2787 642 2860; x_wconf 89' lang='lat' dir='ltr'><strong>Vossium</strong></span> <span class='ocrx_word' id='word_1_156' title='bbox 659 2785 822 2885; x_wconf 73' lang='lat' dir='ltr'><strong>precipue</strong></span> <span class='ocrx_word' id='word_1_157' title='bbox 838 2786 990 2881; x_wconf 81' lang='lat' dir='ltr'><strong>refugias.</strong></span> <span class='ocrx_word' id='word_1_158' title='bbox 1016 2787 1079 2860; x_wconf 87' lang='lat' dir='ltr'><strong>Hic</strong></span> <span class='ocrx_word' id='word_1_159' title='bbox 1099 2787 1199 2873; x_wconf 91' lang='lat' dir='ltr'><strong>enim,</strong></span> <span class='ocrx_word' id='word_1_160' title='bbox 1222 2815 1260 2860; x_wconf 82' lang='lat' dir='ltr'><strong>ex</strong></span> 
     </span>
     <span class='ocr_line' id='line_1_22' title="bbox 199 2898 1262 3002; baseline 0 -27"><span class='ocrx_word' id='word_1_161' title='bbox 199 2930 266 3002; x_wconf 91' lang='lat' dir='ltr'><strong>quo</strong></span> <span class='ocrx_word' id='word_1_162' title='bbox 273 2930 325 2974; x_wconf 88' lang='lat' dir='ltr'><strong>me</strong></span> <span class='ocrx_word' id='word_1_163' title='bbox 332 2900 470 2974; x_wconf 82' lang='lat' dir='ltr'><strong>feliciter</strong></span> <span class='ocrx_word' id='word_1_164' title='bbox 476 2898 758 3000; x_wconf 86' lang='lat' dir='ltr'><strong>germaniceloqui</strong></span> <span class='ocrx_word' id='word_1_165' title='bbox 767 2901 878 2993; x_wconf 82' lang='lat' dir='ltr'><strong>jussit,</strong></span> <span class='ocrx_word' id='word_1_166' title='bbox 890 2901 1077 2974; x_wconf 89' lang='lat' dir='ltr'><strong>societatem</strong></span> <span class='ocrx_word' id='word_1_167' title='bbox 1083 2901 1262 2975; x_wconf 89' lang='lat' dir='ltr'><strong>carminum</strong></span> 
     </span>
     <span class='ocr_line' id='line_1_23' title="bbox 198 3014 1263 3117; baseline -0.001 -26"><span class='ocrx_word' id='word_1_168' title='bbox 198 3045 324 3091; x_wconf 85' lang='lat' dir='ltr'><strong>mecum</strong></span> <span class='ocrx_word' id='word_1_169' title='bbox 333 3014 446 3089; x_wconf 90' lang='lat' dir='ltr'><strong>iniisse</strong></span> <span class='ocrx_word' id='word_1_170' title='bbox 457 3033 564 3101; x_wconf 87' lang='lat' dir='ltr'><strong>ratus,</strong></span> <span class='ocrx_word' id='word_1_171' title='bbox 577 3033 609 3089; x_wconf 92' lang='lat' dir='ltr'><strong>et</strong></span> <span class='ocrx_word' id='word_1_172' title='bbox 619 3015 828 3110; x_wconf 88' lang='lat' dir='ltr'><strong>germanicis,</strong></span> <span class='ocrx_word' id='word_1_173' title='bbox 843 3044 915 3116; x_wconf 82' lang='lat' dir='ltr'><strong>quae</strong></span> <span class='ocrx_word' id='word_1_174' title='bbox 928 3015 1001 3117; x_wconf 89' lang='lat' dir='ltr'><strong>ipse</strong></span> <span class='ocrx_word' id='word_1_175' title='bbox 1014 3016 1179 3106; x_wconf 88' lang='lat' dir='ltr'><strong>condidit,</strong></span> <span class='ocrx_word' id='word_1_176' title='bbox 1193 3045 1263 3091; x_wconf 91' lang='lat' dir='ltr'><strong>non</strong></span> 
     </span>
     <span class='ocr_line' id='line_1_24' title="bbox 200 3127 1263 3236; baseline 0.001 -28"><span class='ocrx_word' id='word_1_177' title='bbox 200 3134 354 3219; x_wconf 85' lang='lat' dir='ltr'><strong>satiatus,</strong></span> <span class='ocrx_word' id='word_1_178' title='bbox 375 3133 471 3206; x_wconf 80' lang='lat' dir='ltr'><strong>etiam</strong></span> <span class='ocrx_word' id='word_1_179' title='bbox 487 3132 522 3205; x_wconf 93' lang='lat' dir='ltr'><strong>iu</strong></span> <span class='ocrx_word' id='word_1_180' title='bbox 539 3127 650 3205; x_wconf 88' lang='lat' dir='ltr'><strong>latinis</strong></span> <span class='ocrx_word' id='word_1_181' title='bbox 664 3133 744 3206; x_wconf 91' lang='lat' dir='ltr'><strong>meis</strong></span> <span class='ocrx_word' id='word_1_182' title='bbox 759 3133 1003 3234; x_wconf 87' lang='lat' dir='ltr'><strong>portiunculam</strong></span> <span class='ocrx_word' id='word_1_183' title='bbox 1020 3134 1083 3209; x_wconf 89' lang='lat' dir='ltr'><strong>sibi</strong></span> <span class='ocrx_word' id='word_1_184' title='bbox 1099 3135 1263 3236; x_wconf 76' lang='lat' dir='ltr'><strong>quaesivit,</strong></span> 
     </span>
     <span class='ocr_line' id='line_1_25' title="bbox 200 3247 1267 3349; baseline 0.003 -27"><span class='ocrx_word' id='word_1_185' title='bbox 200 3251 247 3323; x_wconf 84' lang='lat' dir='ltr'><strong>ita</strong></span> <span class='ocrx_word' id='word_1_186' title='bbox 260 3265 297 3321; x_wconf 93' lang='lat' dir='ltr'><strong>ut</strong></span> <span class='ocrx_word' id='word_1_187' title='bbox 309 3256 412 3349; x_wconf 82' lang='lat' dir='ltr'><strong>saepe,</strong></span> <span class='ocrx_word' id='word_1_188' title='bbox 430 3247 464 3319; x_wconf 94' lang='lat' dir='ltr'><strong>in</strong></span> <span class='ocrx_word' id='word_1_189' title='bbox 476 3276 543 3321; x_wconf 94' lang='lat' dir='ltr'><strong>uno</strong></span> <span class='ocrx_word' id='word_1_190' title='bbox 557 3276 595 3320; x_wconf 90' lang='lat' dir='ltr'><strong>ac</strong></span> <span class='ocrx_word' id='word_1_191' title='bbox 609 3248 723 3321; x_wconf 90' lang='lat' dir='ltr'><strong>eodem</strong></span> <span class='ocrx_word' id='word_1_192' title='bbox 737 3277 850 3337; x_wconf 85' lang='lat' dir='ltr'><strong>versu,</strong></span> <span class='ocrx_word' id='word_1_193' title='bbox 865 3250 1063 3324; x_wconf 86' lang='lat' dir='ltr'><strong>vocabulum</strong></span> <span class='ocrx_word' id='word_1_194' title='bbox 1073 3251 1129 3326; x_wconf 91' lang='lat' dir='ltr'><strong>ille</strong></span> <span class='ocrx_word' id='word_1_195' title='bbox 1141 3250 1267 3326; x_wconf 87' lang='lat' dir='ltr'><strong>locaret</strong></span> 
     </span>
     <span class='ocr_line' id='line_1_26' title="bbox 202 3363 1264 3465; baseline 0.001 -27"><span class='ocrx_word' id='word_1_196' title='bbox 202 3364 338 3452; x_wconf 88' lang='lat' dir='ltr'><strong>omnino</strong></span> <span class='ocrx_word' id='word_1_197' title='bbox 355 3391 466 3450; x_wconf 86' lang='lat' dir='ltr'><strong>sunm,</strong></span> <span class='ocrx_word' id='word_1_198' title='bbox 489 3363 568 3436; x_wconf 91' lang='lat' dir='ltr'><strong>ruibi</strong></span> <span class='ocrx_word' id='word_1_199' title='bbox 586 3390 663 3436; x_wconf 84' lang='lat' dir='ltr'><strong>vero</strong></span> <span class='ocrx_word' id='word_1_200' title='bbox 681 3382 793 3438; x_wconf 84' lang='lat' dir='ltr'><strong>caetera</strong></span> <span class='ocrx_word' id='word_1_201' title='bbox 810 3363 1025 3465; x_wconf 89' lang='lat' dir='ltr'><strong>relinqueret;</strong></span> <span class='ocrx_word' id='word_1_202' title='bbox 1050 3385 1086 3440; x_wconf 93' lang='lat' dir='ltr'><strong>ut</strong></span> <span class='ocrx_word' id='word_1_203' title='bbox 1102 3368 1171 3441; x_wconf 85' lang='lat' dir='ltr'><strong>avis</strong></span> <span class='ocrx_word' id='word_1_204' title='bbox 1186 3366 1264 3454; x_wconf 90' lang='lat' dir='ltr'><strong>illa,</strong></span> 
     </span>
     <span class='ocr_line' id='line_1_27' title="bbox 204 3476 1267 3585; baseline 0.003 -32"><span class='ocrx_word' id='word_1_205' title='bbox 204 3509 276 3582; x_wconf 79' lang='lat' dir='ltr'><strong>qua</strong></span> <span class='ocrx_word' id='word_1_206' title='bbox 289 3508 348 3552; x_wconf 89' lang='lat' dir='ltr'><strong>ova</strong></span> <span class='ocrx_word' id='word_1_207' title='bbox 362 3479 398 3552; x_wconf 89' lang='lat' dir='ltr'><strong>in</strong></span> <span class='ocrx_word' id='word_1_208' title='bbox 407 3476 515 3552; x_wconf 89' lang='lat' dir='ltr'><strong>alieno</strong></span> <span class='ocrx_word' id='word_1_209' title='bbox 522 3479 718 3580; x_wconf 90' lang='lat' dir='ltr'><strong>nidoponit.</strong></span> <span class='ocrx_word' id='word_1_210' title='bbox 734 3481 988 3585; x_wconf 76' lang='lat' dir='ltr'><strong>Restatadbuc,</strong></span> <span class='ocrx_word' id='word_1_211' title='bbox 1000 3499 1037 3555; x_wconf 93' lang='lat' dir='ltr'><strong>ut</strong></span> <span class='ocrx_word' id='word_1_212' title='bbox 1051 3483 1092 3556; x_wconf 88' lang='lat' dir='ltr'><strong>de</strong></span> <span class='ocrx_word' id='word_1_213' title='bbox 1104 3483 1169 3555; x_wconf 87' lang='lat' dir='ltr'><strong>vita</strong></span> <span class='ocrx_word' id='word_1_214' title='bbox 1183 3510 1267 3583; x_wconf 81' lang='lat' dir='ltr'><strong>prae-</strong></span> 
     </span>
     <span class='ocr_line' id='line_1_28' title="bbox 204 3590 1267 3694; baseline 0.001 -28"><span class='ocrx_word' id='word_1_215' title='bbox 204 3594 323 3693; x_wconf 89' lang='lat' dir='ltr'><strong>cipiam</strong></span> <span class='ocrx_word' id='word_1_216' title='bbox 339 3623 346 3666; x_wconf 75' lang='grc' dir='ltr'><strong><em>ε</em></strong></span> <span class='ocrx_word' id='word_1_217' title='bbox 363 3590 467 3666; x_wconf 90' lang='lat' dir='ltr'><strong>multa</strong></span> <span class='ocrx_word' id='word_1_218' title='bbox 482 3592 771 3682; x_wconf 78' lang='lat' dir='ltr'><strong>circumferuntur,</strong></span> <span class='ocrx_word' id='word_1_219' title='bbox 787 3623 889 3694; x_wconf 89' lang='lat' dir='ltr'><strong>eaque</strong></span> <span class='ocrx_word' id='word_1_220' title='bbox 901 3594 1115 3694; x_wconf 87' lang='lat' dir='ltr'><strong>perabsurda.</strong></span> <span class='ocrx_word' id='word_1_221' title='bbox 1138 3595 1267 3668; x_wconf 86' lang='lat' dir='ltr'><strong>Hieme</strong></span> 
     </span>
     <span class='ocr_line' id='line_1_29' title="bbox 204 3710 1267 3812; baseline 0.002 -29"><span class='ocrx_word' id='word_1_222' title='bbox 204 3711 333 3785; x_wconf 69' lang='lat' dir='ltr'><strong>adsrtloo</strong></span> <span class='ocrx_word' id='word_1_223' title='bbox 342 3713 409 3812; x_wconf 70' lang='lat' dir='ltr'><strong>agne</strong></span> <span class='ocrx_word' id='word_1_224' title='bbox 420 3711 591 3810; x_wconf 87' lang='lat' dir='ltr'><strong>prohibet;</strong></span> <span class='ocrx_word' id='word_1_225' title='bbox 606 3710 662 3784; x_wconf 92' lang='lat' dir='ltr'><strong>ille</strong></span> <span class='ocrx_word' id='word_1_226' title='bbox 671 3711 751 3785; x_wconf 86' lang='lat' dir='ltr'><strong>milri</strong></span> <span class='ocrx_word' id='word_1_227' title='bbox 761 3711 981 3786; x_wconf 89' lang='lat' dir='ltr'><strong>nobilioribus</strong></span> <span class='ocrx_word' id='word_1_228' title='bbox 991 3713 1075 3786; x_wconf 86' lang='lat' dir='ltr'><strong>vinis</strong></span> <span class='ocrx_word' id='word_1_229' title='bbox 1086 3712 1267 3803; x_wconf 79' lang='lat' dir='ltr'><strong>interdicit3</strong></span> 
     </span>
     <span class='ocr_line' id='line_1_30' title="bbox 206 3823 1266 3927; baseline -0.004 -27"><span class='ocrx_word' id='word_1_230' title='bbox 206 3827 284 3900; x_wconf 90' lang='lat' dir='ltr'><strong>huic</strong></span> <span class='ocrx_word' id='word_1_231' title='bbox 295 3827 321 3900; x_wconf 90' lang='lat' dir='ltr'><strong>si</strong></span> <span class='ocrx_word' id='word_1_232' title='bbox 332 3827 500 3914; x_wconf 84' lang='lat' dir='ltr'><strong>accredas,</strong></span> <span class='ocrx_word' id='word_1_233' title='bbox 511 3854 554 3899; x_wconf 92' lang='lat' dir='ltr'><strong>ne</strong></span> <span class='ocrx_word' id='word_1_234' title='bbox 564 3844 655 3900; x_wconf 91' lang='lat' dir='ltr'><strong>torus</strong></span> <span class='ocrx_word' id='word_1_235' title='bbox 667 3828 798 3927; x_wconf 90' lang='lat' dir='ltr'><strong>quidem</strong></span> <span class='ocrx_word' id='word_1_236' title='bbox 809 3845 993 3927; x_wconf 85' lang='lat' dir='ltr'><strong>supererat;</strong></span> <span class='ocrx_word' id='word_1_237' title='bbox 1006 3827 1056 3901; x_wconf 94' lang='lat' dir='ltr'><strong>illi</strong></span> <span class='ocrx_word' id='word_1_238' title='bbox 1070 3827 1166 3901; x_wconf 85' lang='lat' dir='ltr'><strong>etiam</strong></span> <span class='ocrx_word' id='word_1_239' title='bbox 1172 3823 1266 3898; x_wconf 88' lang='lat' dir='ltr'><strong>Delia</strong></span> 
     </span>
     <span class='ocr_line' id='line_1_31' title="bbox 208 3941 1267 4043; baseline -0.003 -27"><span class='ocrx_word' id='word_1_240' title='bbox 208 3941 294 4016; x_wconf 86' lang='lat' dir='ltr'><strong>stola</strong></span> <span class='ocrx_word' id='word_1_241' title='bbox 311 3942 505 4016; x_wconf 88' lang='lat' dir='ltr'><strong>denudanda</strong></span> <span class='ocrx_word' id='word_1_242' title='bbox 521 3943 662 4030; x_wconf 85' lang='lat' dir='ltr'><strong>videtur,</strong></span> <span class='ocrx_word' id='word_1_243' title='bbox 684 3971 794 4043; x_wconf 81' lang='lat' dir='ltr'><strong>quarn,</strong></span> <span class='ocrx_word' id='word_1_244' title='bbox 820 3942 986 4039; x_wconf 76' lang='lat' dir='ltr'><strong>intelligo,</strong></span> <span class='ocrx_word' id='word_1_245' title='bbox 1005 3943 1156 4016; x_wconf 88' lang='lat' dir='ltr'><strong>lubenter</strong></span> <span class='ocrx_word' id='word_1_246' title='bbox 1175 3957 1267 4014; x_wconf 83' lang='lat' dir='ltr'><strong>veste</strong></span> 
     </span>
     <span class='ocr_line' id='line_1_32' title="bbox 210 4055 1268 4159; baseline -0.002 -27"><span class='ocrx_word' id='word_1_247' title='bbox 210 4076 350 4132; x_wconf 81' lang='lat' dir='ltr'><strong>exueret</strong></span> <span class='ocrx_word' id='word_1_248' title='bbox 373 4060 470 4134; x_wconf 88' lang='lat' dir='ltr'><strong>Certe</strong></span> <span class='ocrx_word' id='word_1_249' title='bbox 487 4058 515 4133; x_wconf 90' lang='lat' dir='ltr'><strong>si</strong></span> <span class='ocrx_word' id='word_1_250' title='bbox 531 4059 629 4133; x_wconf 85' lang='lat' dir='ltr'><strong>uobis</strong></span> <span class='ocrx_word' id='word_1_251' title='bbox 646 4088 706 4159; x_wconf 88' lang='lat' dir='ltr'><strong>per</strong></span> <span class='ocrx_word' id='word_1_252' title='bbox 717 4060 855 4134; x_wconf 87' lang='lat' dir='ltr'><strong>mediam</strong></span> <span class='ocrx_word' id='word_1_253' title='bbox 868 4058 982 4135; x_wconf 86' lang='lat' dir='ltr'><strong>silvam</strong></span> <span class='ocrx_word' id='word_1_254' title='bbox 996 4060 1059 4133; x_wconf 89' lang='lat' dir='ltr'><strong>iter</strong></span> <span class='ocrx_word' id='word_1_255' title='bbox 1070 4055 1268 4133; x_wconf 84' lang='lat' dir='ltr'><strong>facientibus</strong></span> 
     </span>
    </p>
   </div>
   <div class='ocr_carea' id='block_1_6' title="bbox 0 0 1396 4762">
    <p class='ocr_par' dir='ltr' id='par_1_6' title="bbox 0 0 1396 4762">
     <span class='ocr_line' id='line_1_33' title="bbox 0 0 1396 4762; baseline 0 0"><span class='ocrx_word' id='word_1_256' title='bbox 0 0 1396 4762; x_wconf 95' lang='lat' dir='ltr'><strong> </strong></span> 
     </span>
    </p>
   </div>
  </div>
 </body>
</html>
