2722 4762
189 361 286 445 runt,
579 362 640 425 or:
666 361 858 424 ‘sinuum

185 515 251 574 pere
263 495 377 573 polinis.
393 495 502 575 lllargg.
520 518 537 547 u
555 493 683 575 Scaliger
695 494 799 572 plumis
817 492 895 576 legit.
911 515 929 547 u
949 492 989 553 At
1005 491 1053 553 hic
1071 492 1105 555 in
1118 504 1253 556 contextu

189 591 273 651 babet
286 593 412 673 palmis,
427 592 457 651 in
469 591 677 652 commentariis
689 591 760 650 nibil
774 590 809 650 ad
823 590 927 651 locum.
944 589 1142 653 Broulrbusius
1157 593 1255 656 lectio-

190 709 255 748 nem
268 689 373 769 plumis
387 686 537 758 Liuineio,
556 686 698 748 Livineius
712 685 773 767 ipse
790 686 935 768 scaligero
951 685 1058 746 tribuit

231 792 311 849 lnter
327 785 467 846 editiones
480 787 584 867 scalig.
601 785 699 846 1581Ι
718 797 747 844 et
766 783 862 856 rboo,
874 785 1019 847 nonnullae
1029 774 1147 847 minoris
1155 786 1256 848 lormoe

186 885 339 967 prodiere,
358 908 422 967 quae
437 885 482 946 vel
497 884 699 945 ommittuntur
715 885 760 945 vel
777 883 993 945 confunduntur
1008 882 1043 943 ab
1059 885 1185 968 lleynio·
1200 886 1257 946 llic

191 985 395 1046 Plautinianam
411 987 501 1048 Antv.
522 984 616 1068 1587,
636 998 665 1046 et
678 985 805 1068 ejusdem
822 984 889 1044 anni
907 985 1130 1065 Lugdunensem
1147 987 1178 1047 in
1197 989 1257 1047 Ba-

190 1083 259 1145 taris
272 1105 356 1145 unam
371 1082 553 1164 eamdemque
572 1104 633 1143 esse
651 1095 757 1144 censet
776 1082 855 1144 lllam
872 1083 978 1165 ipsein
995 1081 1122 1144 manibus
1140 1083 1254 1156 babuit3

192 1183 264 1243 banc
280 1183 443 1244 Santenius.

232 1308 425 1382 Cluuium,
445 1309 592 1381 Tibullus,
610 1310 786 1387 Propertius.
804 1309 916 1380 Leidoe,
938 1306 1032 1392 1587,
1050 1308 1109 1366 in-
1121 1329 1176 1381 ra,
1194 1330 1258 1381 me-

113 1449 115 1453 *
192 1423 319 1471 moratur
329 1409 359 1468 in
375 1409 515 1493 Catalogo
526 1412 591 1469 lan.
606 1408 795 1482 Broulbusii‚
810 1431 839 1468 n.
860 1405 935 1480 232,
951 1432 979 1487 p.
992 1407 1040 1470 56.
1057 1409 1149 1469 Porro
1164 1406 1258 1470 idem:

191 1509 330 1588 exemplar
340 1511 591 1572 Broulbusianum
602 1509 716 1593 Lugdu.
728 1511 823 1571 Bmv.
838 1510 912 1586 apud
925 1502 1154 1592 llapheleng.'an.
1171 1507 1257 1590 1587;

192 1608 253 1690 ipse
269 1609 431 1686 possidebat
446 1608 592 1691 Heyuius:
606 1621 635 1667 et
649 1608 720 1666 hanc
735 1607 909 1680 editionem,
923 1608 1030 1688 judicio
1041 1607 1093 1669 viri
1108 1607 1187 1668 docti
1201 1628 1259 1668 cas·

192 1708 326 1790 tigatam,
344 1718 458 1766 secutus
474 1718 518 1766 est
530 1708 628 1768 noun
640 1704 732 1765 filius:

234 1804 386 1878 Catullus,
404 1804 553 1878 Tibullus,
576 1805 752 1882 Propertius·
768 1807 951 1888 Antoerpsiu,
973 1829 1007 1868 ex
1025 1805 1136 1868 officina
1150 1803 1257 1867 Christ.

193 1902 337 1976 Plautini,
353 1902 422 1963 min.
437 1902 522 1965 form.
542 1902 629 1988 1587.

234 2030 424 2100 CATULLUS,
442 2027 589 2098 Tibullus,
606 2029 790 2106 Propertius,
809 2031 974 2112 jampridem
987 2029 1042 2091 viri
1057 2030 1134 2091 docti
1149 2028 1258 2111 judicio

193 2123 340 2206 castigati,
364 2136 392 2183 et
409 2124 496 2183 Nunc
516 2125 605 2182 desumi
623 2126 756 2203 recogniti
776 2147 812 2184 uu
829 2129 920 2186 vomis
936 2127 1112 2186 lectionibus
1129 2136 1158 2184 et
1173 2124 1259 2184 Notis

194 2222 329 2280 illustmts'
342 2242 357 2280 a
372 2223 446 2280 Jano
465 2222 562 2281 Dousa
582 2220 665 2282 Filio.
684 2221 814 2283 Accessit
832 2223 1014 2305 Pervigilium
1030 2223 1159 2283 Veneris.
1181 2221 1257 2300 laig-

195 2320 267 2378 duni
288 2320 355 2381 Bas.
379 2340 413 2379 ex
437 2317 549 2379 ollicina
575 2319 751 2381 plantiniana
778 2322 853 2399 apud
880 2325 980 2382 Fraus.
1007 2321 1258 2402 Rapbelengium,

196 2423 372 2483 Mnxcss.
1109 2444 1114 2449 ¹

237 2525 319 2592 Hanc
335 2525 463 2586 omnium
478 2526 728 2588 emendatissimum
743 2526 898 2589 editionem
909 2526 1028 2607 appellat
1043 2524 1109 2586 Nic.
1122 2522 1259 2583 Heinsius

195 2622 231 2682 ad
245 2622 347 2709 Virgil.
364 2624 437 2684 AEn.
449 2627 528 2698 Vll,
549 2648 615 2686 110.
631 2626 761 2704 Repetita
777 2639 821 2687 est
838 2648 904 2685 ann.
928 2624 1020 2699 1603,
1042 2624 1145 2686 fundus
1163 2636 1260 2684 autem

197 2721 285 2783 editio
309 2722 441 2800 superior
474 2721 560 2809 1569.
587 2726 690 2784 ΗΕΥΝ.
712 2727 811 2785 Duum
835 2723 895 2801 ipso
920 2723 950 2781 in
978 2724 1119 2800 prooemio
1142 2721 1258 2782 scribit:

200 2820 391 2883 «Editionem
411 2834 526 2882 secutus
547 2845 631 2896 sum,
660 2846 724 2904 quoe
748 2821 862 2882 minima
885 2821 932 2880 illa
952 2843 983 2880 ac
1002 2819 1140 2880 manuario
1170 2819 1260 2880 forma

197 2933 262 2980 ante
281 2922 392 3001 aliquot
408 2943 499 2981 annos
516 2921 561 2987 bic
580 2943 698 2995 excusa,
718 2933 748 2981 et
762 2922 869 3004 judicio
885 2921 939 2982 viri
955 2920 1032 2982 docti
1052 2920 1182 3003 castigata
1197 2931 1258 2992 est,

196 3019 231 3080 ad
242 3020 302 3080 'boc
317 3020 490 3100 exemplum
510 3031 620 3079 tantum
640 3021 664 3080 si
681 3043 746 3101 quae
762 3033 857 3082 essent
876 3021 1033 3096 lectiones,
1054 3045 1118 3103 quae
1138 3021 1260 3100 speciem

196 3116 267 3178 recti
284 3139 342 3198 prae
359 3137 389 3176 se
403 3115 526 3189 ferrent,
539 3127 588 3176 aut
603 3116 637 3175 de
653 3117 755 3198 quibus
773 3118 835 3200 quis
851 3119 881 3179 in
898 3133 1046 3200 utramque
1062 3131 1168 3197 partem
1184 3120 1261 3180 arbi-

196 3213 264 3274 trari
281 3227 397 3295 posset,
417 3215 452 3273 ad
469 3235 546 3274 oram
561 3237 668 3292 ponere
680 3238 741 3276 non
756 3218 905 3301 neglexi.»
922 3218 1067 3301 Loquitur
1083 3219 1118 3279 de
1134 3217 1259 3279 editione

161 3375 163 3379 ,
198 3312 352 3386 Leidensi,
369 3334 414 3372 au.
430 3312 505 3395 1587
519 3335 603 3396 supra
614 3328 776 3376 memorata.

240 3409 397 3481 Cluuius,
410 3410 545 3469 Trnunnr
555 3453 564 3484 ,
576 3410 748 3476 Proui-:mn
765 3424 795 3476 et
808 3413 965 3477 Cossum
981 3415 1084 3475 Gener
1097 3435 1183 3496 opera
1197 3414 1260 3474 llo

235 3610 244 3638 ¹
263 3603 360 3657 Eodem
373 3623 441 3654 anno
452 3605 594 3678 Antverpiae
606 3623 693 3660 excusa
708 3619 766 3667 suot
779 3606 838 3659 Jani
851 3606 944 3659 Dousae
954 3607 1028 3679 patris
1042 3607 1203 3660 Praeeidanea
1215 3627 1261 3681 pro

205 3686 282 3738 Albio
291 3685 408 3751 Tibullo,
423 3704 479 3737 cum
494 3685 661 3738 Praecidansis
675 3707 718 3759 pro
734 3685 845 3749 Catullo;
860 3700 971 3739 secutum
985 3701 1021 3739 est
1033 3687 1109 3760 puolo
1123 3701 1178 3759 post
1191 3688 1263 3740 sue-

202 3773 334 3825 ciduneum
343 3772 444 3843 nuperis
451 3770 620 3823 adTibullum
632 3771 797 3825 Preciduneis
807 3771 951 3822 addendum
960 3792 967 3833 ς
983 3770 1109 3841 inquibus
1119 3771 1159 3821 vir
1173 3770 1260 3822 doetis-

200 3854 293 3918 simus,
306 3855 349 3909 sod
364 3854 474 3907 difficilis
488 3854 584 3924 ingenii
599 3867 624 3906 et
636 3856 744 3907 affectati
757 3855 834 3908 studii
846 3856 979 3926 antiquato
995 3853 1124 3907 latinitatis
1138 3851 1259 3924 scaligeri

200 3940 310 4011 vestigiis
323 3941 451 4008 insistens,
464 3941 518 3994 loon
526 3939 650 3993 nonnulla
662 3941 937 3995 retractavitl’rodiore
950 3938 1030 3994 libelli
1043 3958 1071 3989 ex
1083 3940 1186 3992 officina
1199 3938 1258 3991 chr.

200 4018 330 4086 Plautini:
345 4023 372 4074 in
384 4043 434 4094 qua
446 4023 531 4076 eadem
544 4021 641 4093 aliquot
652 4023 724 4074 annis
735 4037 789 4097 post
803 4024 884 4078 excusi
898 4034 956 4078 sunt
969 4034 1046 4095 poetae
1060 4021 1107 4094 ipsi
1123 4021 1156 4073 ad
1172 4019 1259 4079 soti-

199 4122 317 4176 geranom
327 4109 512 4175 recensionem,
527 4106 596 4178 quod
608 4106 741 4179 exspectari
754 4119 861 4180 poterat,
876 4105 1027 4160 concinnati.
1040 4104 1129 4157 linit.
