2722 4762
111 329 1189 370 Μ

303 526 529 657 VITA
585 515 1017 656 TIBULLI¹

140 807 200 867 Ex
245 804 423 867 conten
465 805 534 864 MS.
582 799 954 865 ntnttorflucffl·
990 801 1157 864 REGIAE

171 1023 323 1063 nesctttm
335 1022 354 1061 Δ
367 1023 391 1059 1².
404 1019 562 1064 nunnamto
575 1017 703 1060 SECUNDO
717 1016 775 1057 CUM
789 1014 933 1059 LEC’HOMS
948 1013 1137 1059 amastrina-

542 1186 781 1211 ᾡ-

125 1425 298 1531 lltttlus
321 1452 551 1542 TIBULLUS,
568 1451 682 1554 Eques
700 1448 913 1539 Romanus³,
930 1450 1070 1547 insignis
1084 1439 1205 1526 forma

126 1578 282 1680 cultuque
300 1576 450 1678 corporis
468 1575 701 1669 observabilis,
719 1593 798 1649 ante
812 1573 897 1648 alios
915 1573 1074 1648 Corvium
1089 1573 1191 1674 (Cor-

127 1700 243 1798 riuu'rn)
256 1699 436 1775 Messalam
450 1697 634 1773 oratorem⁴
647 1697 780 1787 dilexit,
793 1705 886 1792 cnjus
900 1715 932 1772 et
943 1697 1190 1773 contubernalis

127 1825 325 1926 Aquitanico
337 1821 449 1897 bello⁵
464 1822 662 1897 militaribus
677 1822 774 1894 donis
791 1822 933 1895 donatus
950 1840 1017 1909 cst;
1036 1821 1092 1895 hic
1109 1820 1192 1896 mul·

128 1965 235 2021 torum
247 1946 384 2041 jndicio,
397 1947 536 2019 maxime
544 1942 760 2041 Quintiliani,
771 1944 833 2018 viri
842 1944 878 2016 in
887 1944 996 2018 studia
1006 1943 1190 2020 litterarum

127 2071 289 2145 acerrima
301 2069 480 2158 licentiae⁶,
504 2070 589 2143 inter
603 2067 868 2169 Elegiographos
881 2096 1043 2142 summum
1061 2068 1190 2142 obtinet
1262 2053 1266 2062 ¹

127 2191 244 2266 locum.
269 2192 429 2293 Epistola
446 2220 581 2293 quoquc
603 2191 671 2290 ejus
695 2192 879 2279 amatoria,
899 2220 1096 2294 quamquam
1117 2193 1192 2266 bre-

161 2488 169 2519 ¹
188 2485 228 2538 De
239 2485 291 2538 rita
303 2481 382 2538 insius
392 2505 495 2558 agemus
508 2486 540 2538 ad
549 2484 687 2538 voluminis
698 2483 806 2555 calcem,
820 2487 935 2540 absoluto
946 2486 1134 2541 commentario.

159 2595 171 2626 ¹
187 2593 282 2648 Laudat
296 2595 458 2648 Burmannus
477 2598 544 2648 huuc
559 2596 680 2649 Codicum
692 2595 837 2667 simpliciter
847 2596 880 2647 ad
891 2597 996 2648 Anthol.
1011 2600 1062 2649 Lat.
1075 2600 1149 2650 Tom.
1161 2601 1188 2664 I,

130 2705 152 2758 p.
162 2687 217 2752 416.
235 2688 289 2740 Nec
300 2689 438 2740 accuratius
451 2706 508 2739 eum
520 2687 661 2758 designavit
673 2687 701 2738 iu
715 2685 831 2736 schedula
845 2685 936 2736 inserta
948 2686 1064 2738 Editioni
1076 2686 1188 2741 Broukh.
1236 2736 1240 2744 ,

132 2776 171 2843 (iu
180 2776 247 2829 Bibl.
261 2778 323 2850 Reg.
336 2778 507 2843 Beroliueusi)
520 2778 561 2830 cni
573 2776 699 2848 inscripsit
707 2775 794 2829 Vitam
805 2794 879 2847 supra
890 2774 1027 2848 repetitam.

163 2883 174 2916 ³
192 2884 272 2938 Codrl.
285 2886 375 2940 Paris.
389 2900 414 2939 et
423 2887 496 2954 Lips.
508 2905 584 2958 eques
594 2889 698 2955 regalis.

163 2997 175 3034 ⁴
191 2994 272 3051 lidem
283 2998 342 3050 libri
353 3018 410 3051 curn
425 2999 465 3050 ed.
480 2993 572 3050 Venet.
587 3017 627 3049 au.
647 2998 724 3066 ¹ll²r
741 2994 835 3049 babent
850 2998 972 3065 oriffl'rrern
988 3017 1032 3072 pro
1047 3010 1192 3066 oratorem,

135 3088 175 3142 eni
187 3089 242 3140 voci
254 3087 415 3140 Burmannus
429 3086 554 3140 substituit
565 3087 761 3156 Imperatorem.
775 3087 876 3140 Tacitus
889 3087 983 3142 Annal.
997 3088 1073 3158 XIII,
1088 3091 1128 3159 34.
1142 3095 1196 3147 Ne·

135 3198 193 3230 rone
204 3181 307 3230 tertium
321 3177 430 3230 Consule
440 3181 522 3229 simul
532 3181 590 3229 iniit
604 3178 774 3231 Consulatum
780 3178 898 3232 Valerius
906 3179 1029 3248 Messala,
1040 3190 1112 3247 cujus
1120 3205 1197 3252 praa·

135 3288 211 3332 man,
230 3281 353 3320 oratorem
368 3267 524 3335 Corvinum,
543 3269 578 3320 D.
591 3270 724 3339 Augaesto,
747 3269 832 3321 abaco
848 3271 974 3339 Nemnis,
992 3275 1117 3343 collegam
1129 3280 1157 3328 in
1168 3296 1197 3329 eo
1266 3296 1268 3298 ’

136 3357 398 3428 magistratufuisse,
408 3361 488 3430 pauci
496 3358 548 3431 jam
559 3378 648 3412 senum
660 3361 838 3412 meminerant.
856 3360 984 3414 Nonnulli
994 3376 1123 3417 auctorem
1137 3387 1197 3438 per-

138 3469 230 3521 peram.
242 3449 312 3503 Jam
324 3469 414 3502 senum
426 3462 509 3502 autem
524 3450 654 3523 conjunxit
665 3450 782 3514 Tacitus,
802 3463 831 3503 ut
838 3455 898 3519 jam
911 3459 1027 3517 iuvenem
1038 3456 1154 3510 Tibullus
1167 3459 1196 3525 1,
1297 3483 1304 3509 s

137 3554 178 3602 rr,
192 3540 230 3592 33.

168 3645 275 3699 ‘Iidem
288 3645 347 3699 libri
363 3648 515 3719 equitanico.
530 3646 596 3699 Edd.
615 3647 715 3699 Venett.
733 3648 863 3719 ι487-93,
880 3652 1068 3704 contubernalis
1084 3651 1199 3724 Iapidio:

141 3737 283 3807 pannonico
298 3756 305 3788 ε
319 3750 343 3788 et
355 3737 474 3807 aquitano
487 3738 561 3789 bello.

169 3841 295 3896 ⁶¹Verba:
309 3850 463 3898 maxime...
476 3847 598 3911 licentia,
612 3844 702 3897 absunt
713 3865 728 3898 a
741 3846 804 3900 Cod.
818 3849 885 3921 Lips.
903 3849 947 3918 qui
959 3847 1049 3911 habet,
1059 3851 1202 3903 murorum

137 3936 231 3999 junctio
245 3940 313 3989 inter
322 3939 404 4006 elegos
415 3941 533 4006 princeps
544 3946 585 3989 est
596 3936 709 3990 liabitas.
732 3936 797 3993 Voci
813 3943 922 3994 licentioe
934 3939 1095 3990 Burmannus
1109 3940 1204 3994 substi-

139 4026 186 4077 tuit
197 4029 337 4097 diligentioe
352 4049 408 4081 cum
421 4030 588 4097 symma,
609 4028 649 4081 cui
663 4029 807 4102 obloquitur
819 4030 949 4103 Heynins‚
968 4030 1095 4104 corrigens
1108 4032 1208 4103 Elego⁴

144 4116 264 4184 grapltos.

1033 4236 1063 4311 f
