<?xml version="1.0" encoding="UTF-8"?>
<!DOCTYPE html PUBLIC "-//W3C//DTD XHTML 1.0 Transitional//EN"
    "http://www.w3.org/TR/xhtml1/DTD/xhtml1-transitional.dtd">
<html xmlns="http://www.w3.org/1999/xhtml" xml:lang="en" lang="en">
 <head>
  <title>
</title>
<meta http-equiv="Content-Type" content="text/html;charset=utf-8" />
  <meta name='ocr-system' content='tesseract 3.04.00' />
  <meta name='ocr-capabilities' content='ocr_page ocr_carea ocr_par ocr_line ocrx_word'/>
</head>
<body>
  <div class='ocr_page' id='page_1' title='image "albiitibulliqua01golbgoog_0035.png"; bbox 0 0 2722 4762; ppageno 0'>
   <div class='ocr_carea' id='block_1_1' title="bbox 209 336 881 399">
    <p class='ocr_par' dir='ltr' id='par_1_1' title="bbox 209 336 881 399">
     <span class='ocr_line' id='line_1_1' title="bbox 209 336 881 399; baseline 0 -2"><span class='ocrx_word' id='word_1_1' title='bbox 209 359 265 397; x_wconf 75' lang='lat' dir='ltr'><strong>xxx</strong></span> <span class='ocrx_word' id='word_1_2' title='bbox 596 338 655 398; x_wconf 86' lang='lat' dir='ltr'><strong>DE</strong></span> <span class='ocrx_word' id='word_1_3' title='bbox 685 336 881 399; x_wconf 83' lang='lat' dir='ltr'>TIBULLI</span> 
     </span>
    </p>
   </div>
   <div class='ocr_carea' id='block_1_2' title="bbox 208 468 1273 556">
    <p class='ocr_par' dir='ltr' id='par_1_2' title="bbox 208 468 1273 556">
     <span class='ocr_line' id='line_1_2' title="bbox 208 468 1273 556; baseline 0.006 -27"><span class='ocrx_word' id='word_1_4' title='bbox 208 471 239 530; x_wconf 89' lang='lat' dir='ltr'><strong>in</strong></span> <span class='ocrx_word' id='word_1_5' title='bbox 253 469 377 532; x_wconf 89' lang='lat' dir='ltr'><strong>lectione</strong></span> <span class='ocrx_word' id='word_1_6' title='bbox 394 470 490 532; x_wconf 83' lang='lat' dir='ltr'><strong>multis</strong></span> <span class='ocrx_word' id='word_1_7' title='bbox 509 470 540 531; x_wconf 94' lang='lat' dir='ltr'><strong>in</strong></span> <span class='ocrx_word' id='word_1_8' title='bbox 558 471 659 534; x_wconf 84' lang='lat' dir='ltr'><strong>locisa</strong></span> <span class='ocrx_word' id='word_1_9' title='bbox 675 471 819 556; x_wconf 74' lang='lat' dir='ltr'><strong>scaligero</strong></span> <span class='ocrx_word' id='word_1_10' title='bbox 835 493 867 532; x_wconf 89' lang='lat' dir='ltr'><strong>ac</strong></span> <span class='ocrx_word' id='word_1_11' title='bbox 880 468 1064 532; x_wconf 82' lang='lat' dir='ltr'><strong>Bronlhusio</strong></span> <span class='ocrx_word' id='word_1_12' title='bbox 1080 471 1220 535; x_wconf 84' lang='lat' dir='ltr'><strong>recessit:</strong></span> <span class='ocrx_word' id='word_1_13' title='bbox 1237 486 1273 535; x_wconf 90' lang='lat' dir='ltr'><strong>nt</strong></span> 
     </span>
    </p>
   </div>
   <div class='ocr_carea' id='block_1_3' title="bbox 209 577 1272 759">
    <p class='ocr_par' dir='ltr' id='par_1_3' title="bbox 209 577 1272 759">
     <span class='ocr_line' id='line_1_3' title="bbox 209 577 1272 658; baseline 0.009 -23"><span class='ocrx_word' id='word_1_14' title='bbox 209 579 269 658; x_wconf 88' lang='lat' dir='ltr'><strong>ejus</strong></span> <span class='ocrx_word' id='word_1_15' title='bbox 289 577 361 638; x_wconf 88' lang='lat' dir='ltr'><strong>adeo</strong></span> <span class='ocrx_word' id='word_1_16' title='bbox 377 577 532 640; x_wconf 75' lang='lat' dir='ltr'>editionem</span> <span class='ocrx_word' id='word_1_17' title='bbox 551 578 670 640; x_wconf 81' lang='lat' dir='ltr'><strong>fundum</strong></span> <span class='ocrx_word' id='word_1_18' title='bbox 691 591 799 641; x_wconf 75' lang='lat' dir='ltr'><strong>nostrae</strong></span> <span class='ocrx_word' id='word_1_19' title='bbox 822 577 912 640; x_wconf 79' lang='lat' dir='ltr'><strong>lacere</strong></span> <span class='ocrx_word' id='word_1_20' title='bbox 932 578 1094 640; x_wconf 87' lang='lat' dir='ltr'><strong>consultum</strong></span> <span class='ocrx_word' id='word_1_21' title='bbox 1116 579 1272 646; x_wconf 83' lang='lat' dir='ltr'><strong>videretur.</strong></span> 
     </span>
     <span class='ocr_line' id='line_1_4' title="bbox 209 676 1270 759; baseline 0.001 -20"><span class='ocrx_word' id='word_1_22' title='bbox 209 676 289 739; x_wconf 88' lang='lat' dir='ltr'><strong>ldem</strong></span> <span class='ocrx_word' id='word_1_23' title='bbox 299 677 435 739; x_wconf 86' lang='lat' dir='ltr'><strong>variantes</strong></span> <span class='ocrx_word' id='word_1_24' title='bbox 445 677 584 739; x_wconf 86' lang='lat' dir='ltr'><strong>lectiones</strong></span> <span class='ocrx_word' id='word_1_25' title='bbox 596 699 628 738; x_wconf 87' lang='lat' dir='ltr'><strong>ex</strong></span> <span class='ocrx_word' id='word_1_26' title='bbox 638 678 828 759; x_wconf 74' lang='lat' dir='ltr'><strong>Foroiuliensi</strong></span> <span class='ocrx_word' id='word_1_27' title='bbox 843 679 932 739; x_wconf 74' lang='lat' dir='ltr'><strong>usco</strong></span> <span class='ocrx_word' id='word_1_28' title='bbox 945 678 1043 741; x_wconf 89' lang='lat' dir='ltr'><strong>codiee</strong></span> <span class='ocrx_word' id='word_1_29' title='bbox 1056 679 1270 754; x_wconf 87' lang='lat' dir='ltr'><strong>Guarneriano,</strong></span> 
     </span>
    </p>
   </div>
   <div class='ocr_carea' id='block_1_4' title="bbox 106 766 1272 858">
    <p class='ocr_par' dir='ltr' id='par_1_4' title="bbox 106 766 1272 858">
     <span class='ocr_line' id='line_1_5' title="bbox 106 766 1272 858; baseline 0.001 -24"><span class='ocrx_word' id='word_1_30' title='bbox 106 766 107 771; x_wconf 30' lang='lat'>¹</span> <span class='ocrx_word' id='word_1_31' title='bbox 208 773 390 836; x_wconf 76' lang='lat' dir='ltr'><strong>bibliothecae</strong></span> <span class='ocrx_word' id='word_1_32' title='bbox 415 776 447 835; x_wconf 87' lang='lat' dir='ltr'><strong>S.</strong></span> <span class='ocrx_word' id='word_1_33' title='bbox 471 775 611 849; x_wconf 76' lang='lat' dir='ltr'><strong>Danielis,</strong></span> <span class='ocrx_word' id='word_1_34' title='bbox 636 776 847 836; x_wconf 86' lang='lat' dir='ltr'><strong>membranaceo</strong></span> <span class='ocrx_word' id='word_1_35' title='bbox 871 774 967 836; x_wconf 79' lang='lat' dir='ltr'><strong>saeculi</strong></span> <span class='ocrx_word' id='word_1_36' title='bbox 990 774 1044 834; x_wconf 84' lang='lat' dir='ltr'><strong>XV</strong></span> <span class='ocrx_word' id='word_1_37' title='bbox 1063 775 1272 858; x_wconf 78' lang='lat' dir='ltr'><strong>elegantissime</strong></span> 
     </span>
    </p>
   </div>
   <div class='ocr_carea' id='block_1_5' title="bbox 208 875 1271 960">
    <p class='ocr_par' dir='ltr' id='par_1_5' title="bbox 208 875 1271 960">
     <span class='ocr_line' id='line_1_6' title="bbox 208 875 1271 960; baseline 0.004 -26"><span class='ocrx_word' id='word_1_38' title='bbox 208 875 332 953; x_wconf 88' lang='lat' dir='ltr'><strong>scripto,</strong></span> <span class='ocrx_word' id='word_1_39' title='bbox 348 888 491 958; x_wconf 87' lang='lat' dir='ltr'><strong>excerptas</strong></span> <span class='ocrx_word' id='word_1_40' title='bbox 502 876 635 938; x_wconf 74' lang='lat' dir='ltr'><strong>editionis</strong></span> <span class='ocrx_word' id='word_1_41' title='bbox 648 898 708 937; x_wconf 81' lang='lat' dir='ltr'><strong>suae</strong></span> <span class='ocrx_word' id='word_1_42' title='bbox 718 875 816 955; x_wconf 90' lang='lat' dir='ltr'><strong>primis</strong></span> <span class='ocrx_word' id='word_1_43' title='bbox 829 875 937 960; x_wconf 80' lang='lat' dir='ltr'><strong>paginis</strong></span> <span class='ocrx_word' id='word_1_44' title='bbox 949 875 1068 936; x_wconf 90' lang='lat' dir='ltr'><strong>inseruit</strong></span> <span class='ocrx_word' id='word_1_45' title='bbox 1081 898 1087 935; x_wconf 91' lang='lat'><strong>:</strong></span> <span class='ocrx_word' id='word_1_46' title='bbox 1101 897 1167 957; x_wconf 88' lang='lat' dir='ltr'><strong>quae</strong></span> <span class='ocrx_word' id='word_1_47' title='bbox 1177 887 1271 938; x_wconf 85' lang='lat' dir='ltr'><strong>tamen</strong></span> 
     </span>
    </p>
   </div>
   <div class='ocr_carea' id='block_1_6' title="bbox 92 973 1270 1061">
    <p class='ocr_par' dir='ltr' id='par_1_6' title="bbox 92 973 1270 1061">
     <span class='ocr_line' id='line_1_7' title="bbox 92 973 1270 1061; baseline 0.003 -28"><span class='ocrx_word' id='word_1_48' title='bbox 92 988 95 1002; x_wconf 80' lang='lat'><strong>¹</strong></span> <span class='ocrx_word' id='word_1_49' title='bbox 144 995 147 1003; x_wconf 63' lang='lat'><strong><em>¹</em></strong></span> <span class='ocrx_word' id='word_1_50' title='bbox 208 995 270 1034; x_wconf 90' lang='lat' dir='ltr'><strong>non</strong></span> <span class='ocrx_word' id='word_1_51' title='bbox 284 986 353 1035; x_wconf 87' lang='lat' dir='ltr'><strong>sunt</strong></span> <span class='ocrx_word' id='word_1_52' title='bbox 367 976 438 1038; x_wconf 88' lang='lat' dir='ltr'><strong>adeo</strong></span> <span class='ocrx_word' id='word_1_53' title='bbox 454 977 548 1061; x_wconf 77' lang='lat' dir='ltr'><strong>magni</strong></span> <span class='ocrx_word' id='word_1_54' title='bbox 563 974 716 1050; x_wconf 86' lang='lat' dir='ltr'><strong>momenti,</strong></span> <span class='ocrx_word' id='word_1_55' title='bbox 734 975 784 1037; x_wconf 91' lang='lat' dir='ltr'><strong>sed</strong></span> <span class='ocrx_word' id='word_1_56' title='bbox 795 973 902 1056; x_wconf 86' lang='lat' dir='ltr'><strong>ubique</strong></span> <span class='ocrx_word' id='word_1_57' title='bbox 914 996 978 1035; x_wconf 88' lang='lat' dir='ltr'><strong>cum</strong></span> <span class='ocrx_word' id='word_1_58' title='bbox 993 974 1096 1039; x_wconf 83' lang='lat' dir='ltr'><strong>ceteris</strong></span> <span class='ocrx_word' id='word_1_59' title='bbox 1107 973 1185 1036; x_wconf 92' lang='lat' dir='ltr'><strong>libris</strong></span> <span class='ocrx_word' id='word_1_60' title='bbox 1197 996 1270 1037; x_wconf 90' lang='lat' dir='ltr'><strong>con-</strong></span> 
     </span>
    </p>
   </div>
   <div class='ocr_carea' id='block_1_7' title="bbox 206 1073 1275 3154">
    <p class='ocr_par' dir='ltr' id='par_1_7' title="bbox 206 1073 362 1134">
     <span class='ocr_line' id='line_1_8' title="bbox 206 1073 362 1134; baseline -0.026 0"><span class='ocrx_word' id='word_1_61' title='bbox 206 1073 362 1134; x_wconf 64' lang='lat' dir='ltr'><strong>veniunt.</strong></span> 
     </span>
    </p>

    <p class='ocr_par' dir='ltr' id='par_1_8' title="bbox 207 1173 1275 3154">
     <span class='ocr_line' id='line_1_9' title="bbox 252 1173 1272 1258; baseline 0.005 -27"><span class='ocrx_word' id='word_1_62' title='bbox 252 1176 456 1238; x_wconf 81' lang='lat' dir='ltr'><strong>«Versaveram</strong></span> <span class='ocrx_word' id='word_1_63' title='bbox 467 1175 537 1237; x_wconf 88' lang='lat' dir='ltr'><strong>olim</strong></span> <span class='ocrx_word' id='word_1_64' title='bbox 547 1175 695 1258; x_wconf 80' lang='lat' dir='ltr'><strong>(lleynius</strong></span> <span class='ocrx_word' id='word_1_65' title='bbox 707 1186 751 1235; x_wconf 88' lang='lat' dir='ltr'><strong>est</strong></span> <span class='ocrx_word' id='word_1_66' title='bbox 763 1173 811 1256; x_wconf 88' lang='lat' dir='ltr'><strong>qui</strong></span> <span class='ocrx_word' id='word_1_67' title='bbox 821 1173 987 1256; x_wconf 89' lang='lat' dir='ltr'><strong>loquitur),</strong></span> <span class='ocrx_word' id='word_1_68' title='bbox 1002 1196 1090 1255; x_wconf 88' lang='lat' dir='ltr'><strong>quum</strong></span> <span class='ocrx_word' id='word_1_69' title='bbox 1099 1174 1135 1234; x_wconf 86' lang='lat' dir='ltr'><strong>&#39;ad</strong></span> <span class='ocrx_word' id='word_1_70' title='bbox 1145 1175 1272 1253; x_wconf 91' lang='lat' dir='ltr'><strong>priorem</strong></span> 
     </span>
     <span class='ocr_line' id='line_1_10' title="bbox 207 1270 1273 1355; baseline -0.001 -21"><span class='ocrx_word' id='word_1_71' title='bbox 207 1272 402 1335; x_wconf 82' lang='lat' dir='ltr'><strong>recensionem</strong></span> <span class='ocrx_word' id='word_1_72' title='bbox 413 1272 590 1348; x_wconf 81' lang='lat' dir='ltr'><strong>accederem,</strong></span> <span class='ocrx_word' id='word_1_73' title='bbox 605 1283 635 1333; x_wconf 92' lang='lat' dir='ltr'><strong>et</strong></span> <span class='ocrx_word' id='word_1_74' title='bbox 649 1270 830 1355; x_wconf 81' lang='lat' dir='ltr'><strong>diligentius,</strong></span> <span class='ocrx_word' id='word_1_75' title='bbox 847 1293 930 1353; x_wconf 86' lang='lat' dir='ltr'><strong>quam</strong></span> <span class='ocrx_word' id='word_1_76' title='bbox 939 1291 1011 1349; x_wconf 89' lang='lat' dir='ltr'><strong>opus</strong></span> <span class='ocrx_word' id='word_1_77' title='bbox 1025 1270 1101 1332; x_wconf 82' lang='lat' dir='ltr'><strong>forte</strong></span> <span class='ocrx_word' id='word_1_78' title='bbox 1113 1283 1187 1345; x_wconf 87' lang='lat' dir='ltr'><strong>erat,</strong></span> <span class='ocrx_word' id='word_1_79' title='bbox 1199 1293 1273 1334; x_wconf 88' lang='lat' dir='ltr'><strong>eno-</strong></span> 
     </span>
     <span class='ocr_line' id='line_1_11' title="bbox 207 1371 1273 1450; baseline -0.001 -16"><span class='ocrx_word' id='word_1_80' title='bbox 207 1385 330 1435; x_wconf 84' lang='lat' dir='ltr'><strong>taveram</strong></span> <span class='ocrx_word' id='word_1_81' title='bbox 347 1373 448 1433; x_wconf 89' lang='lat' dir='ltr'><strong>librum</strong></span> <span class='ocrx_word' id='word_1_82' title='bbox 469 1373 607 1450; x_wconf 82' lang='lat' dir='ltr'><strong>scriptum</strong></span> <span class='ocrx_word' id='word_1_83' title='bbox 621 1371 652 1430; x_wconf 93' lang='lat' dir='ltr'><strong>in</strong></span> <span class='ocrx_word' id='word_1_84' title='bbox 669 1373 834 1431; x_wconf 73' lang='lat' dir='ltr'><strong>bibliotheca</strong></span> <span class='ocrx_word' id='word_1_85' title='bbox 850 1383 912 1431; x_wconf 91' lang='lat' dir='ltr'><strong>tum</strong></span> <span class='ocrx_word' id='word_1_86' title='bbox 931 1372 1020 1449; x_wconf 65' lang='lat' dir='ltr'><strong>Regu</strong></span> <span class='ocrx_word' id='word_1_87' title='bbox 1038 1373 1126 1442; x_wconf 89' lang='lat' dir='ltr'><strong>(unde</strong></span> <span class='ocrx_word' id='word_1_88' title='bbox 1142 1375 1273 1434; x_wconf 73' lang='lat' dir='ltr'><strong>lectiam</strong></span> 
     </span>
     <span class='ocr_line' id='line_1_12' title="bbox 208 1467 1274 1549; baseline 0.003 -19"><span class='ocrx_word' id='word_1_89' title='bbox 208 1472 254 1531; x_wconf 79' lang='lat' dir='ltr'><strong>hm</strong></span> <span class='ocrx_word' id='word_1_90' title='bbox 269 1472 354 1549; x_wconf 69' lang='lat' dir='ltr'><strong>liegii</strong></span> <span class='ocrx_word' id='word_1_91' title='bbox 370 1471 474 1530; x_wconf 86' lang='lat' dir='ltr'><strong>codicis</strong></span> <span class='ocrx_word' id='word_1_92' title='bbox 496 1467 614 1527; x_wconf 88' lang='lat' dir='ltr'><strong>nomine</strong></span> <span class='ocrx_word' id='word_1_93' title='bbox 636 1468 820 1549; x_wconf 83' lang='lat' dir='ltr'><strong>designataaa</strong></span> <span class='ocrx_word' id='word_1_94' title='bbox 841 1489 886 1528; x_wconf 89' lang='lat' dir='ltr'><strong>me</strong></span> <span class='ocrx_word' id='word_1_95' title='bbox 908 1474 994 1546; x_wconf 83' lang='lat' dir='ltr'><strong>sunt)</strong></span> <span class='ocrx_word' id='word_1_96' title='bbox 1018 1491 1096 1531; x_wconf 91' lang='lat' dir='ltr'><strong>nune</strong></span> <span class='ocrx_word' id='word_1_97' title='bbox 1119 1472 1274 1533; x_wconf 86' lang='lat' dir='ltr'><strong>Electorali</strong></span> 
     </span>
     <span class='ocr_line' id='line_1_13' title="bbox 208 1562 1274 1647; baseline 0 -19"><span class='ocrx_word' id='word_1_98' title='bbox 208 1566 326 1638; x_wconf 86' lang='lat' dir='ltr'><strong>Ducali,</strong></span> <span class='ocrx_word' id='word_1_99' title='bbox 344 1588 409 1647; x_wconf 68' lang='lat' dir='ltr'><strong>qun</strong></span> <span class='ocrx_word' id='word_1_100' title='bbox 426 1563 544 1624; x_wconf 86' lang='lat' dir='ltr'><strong>Dresdae</strong></span> <span class='ocrx_word' id='word_1_101' title='bbox 557 1573 617 1634; x_wconf 83' lang='lat' dir='ltr'><strong>eat,</strong></span> <span class='ocrx_word' id='word_1_102' title='bbox 630 1574 779 1625; x_wconf 83' lang='lat' dir='ltr'><strong>servatum.</strong></span> <span class='ocrx_word' id='word_1_103' title='bbox 793 1562 880 1624; x_wconf 87' lang='lat' dir='ltr'><strong>Liber</strong></span> <span class='ocrx_word' id='word_1_104' title='bbox 893 1565 941 1624; x_wconf 91' lang='lat' dir='ltr'><strong>ille</strong></span> <span class='ocrx_word' id='word_1_105' title='bbox 953 1567 1186 1646; x_wconf 83' lang='lat' dir='ltr'><strong>quaternionibus</strong></span> <span class='ocrx_word' id='word_1_106' title='bbox 1197 1590 1274 1629; x_wconf 88' lang='lat' dir='ltr'><strong>eon-</strong></span> 
     </span>
     <span class='ocr_line' id='line_1_14' title="bbox 207 1659 1273 1748; baseline 0.003 -24"><span class='ocrx_word' id='word_1_107' title='bbox 207 1676 282 1736; x_wconf 86' lang='lat' dir='ltr'><strong>stat,</strong></span> <span class='ocrx_word' id='word_1_108' title='bbox 299 1662 389 1723; x_wconf 88' lang='lat' dir='ltr'><strong>nitide</strong></span> <span class='ocrx_word' id='word_1_109' title='bbox 406 1672 435 1722; x_wconf 88' lang='lat' dir='ltr'><strong>et</strong></span> <span class='ocrx_word' id='word_1_110' title='bbox 452 1681 512 1721; x_wconf 90' lang='lat' dir='ltr'><strong>non</strong></span> <span class='ocrx_word' id='word_1_111' title='bbox 532 1659 733 1742; x_wconf 76' lang='lat' dir='ltr'><strong>indiligenter,</strong></span> <span class='ocrx_word' id='word_1_112' title='bbox 757 1661 863 1722; x_wconf 82' lang='lat' dir='ltr'><strong>saeculo</strong></span> <span class='ocrx_word' id='word_1_113' title='bbox 886 1663 941 1722; x_wconf 81' lang='lat' dir='ltr'><strong>XV</strong></span> <span class='ocrx_word' id='word_1_114' title='bbox 961 1675 1086 1724; x_wconf 84' lang='lat' dir='ltr'><strong>exaratna</strong></span> <span class='ocrx_word' id='word_1_115' title='bbox 1106 1686 1114 1722; x_wconf 74' lang='grc' dir='ltr'><strong>ε</strong></span> <span class='ocrx_word' id='word_1_116' title='bbox 1135 1685 1198 1726; x_wconf 81' lang='lat' dir='ltr'><strong>nem</strong></span> <span class='ocrx_word' id='word_1_117' title='bbox 1217 1667 1273 1748; x_wconf 85' lang='lat' dir='ltr'><strong>jam</strong></span> 
     </span>
     <span class='ocr_line' id='line_1_15' title="bbox 208 1757 1274 1842; baseline 0.005 -21"><span class='ocrx_word' id='word_1_118' title='bbox 208 1761 345 1823; x_wconf 88' lang='lat' dir='ltr'><strong>insititios</strong></span> <span class='ocrx_word' id='word_1_119' title='bbox 358 1760 508 1837; x_wconf 75' lang='lat' dir='ltr'><strong>thurispoe,</strong></span> <span class='ocrx_word' id='word_1_120' title='bbox 524 1757 573 1839; x_wconf 91' lang='lat' dir='ltr'><strong>qni</strong></span> <span class='ocrx_word' id='word_1_121' title='bbox 586 1757 659 1820; x_wconf 85' lang='lat' dir='ltr'><strong>circa</strong></span> <span class='ocrx_word' id='word_1_122' title='bbox 672 1760 733 1842; x_wconf 90' lang='lat' dir='ltr'><strong>ejus</strong></span> <span class='ocrx_word' id='word_1_123' title='bbox 744 1760 840 1821; x_wconf 71' lang='lat' dir='ltr'><strong>seculi</strong></span> <span class='ocrx_word' id='word_1_124' title='bbox 853 1759 933 1820; x_wconf 87' lang='lat' dir='ltr'><strong>initia</strong></span> <span class='ocrx_word' id='word_1_125' title='bbox 943 1761 1029 1837; x_wconf 77' lang='lat' dir='ltr'><strong>vixit,</strong></span> <span class='ocrx_word' id='word_1_126' title='bbox 1043 1784 1141 1826; x_wconf 79' lang='lat' dir='ltr'><strong>rursus</strong></span> <span class='ocrx_word' id='word_1_127' title='bbox 1152 1764 1274 1825; x_wconf 76' lang='lat' dir='ltr'><strong>exbibet.</strong></span> 
     </span>
     <span class='ocr_line' id='line_1_16' title="bbox 209 1859 1274 1947; baseline 0.002 -23"><span class='ocrx_word' id='word_1_128' title='bbox 209 1863 370 1935; x_wconf 86' lang='lat' dir='ltr'><strong>Catullum,</strong></span> <span class='ocrx_word' id='word_1_129' title='bbox 386 1859 533 1921; x_wconf 82' lang='lat' dir='ltr'><strong>Tibullum</strong></span> <span class='ocrx_word' id='word_1_130' title='bbox 544 1872 572 1921; x_wconf 87' lang='lat' dir='ltr'><strong>et</strong></span> <span class='ocrx_word' id='word_1_131' title='bbox 587 1860 769 1938; x_wconf 82' lang='lat' dir='ltr'><strong>Propertium</strong></span> <span class='ocrx_word' id='word_1_132' title='bbox 784 1861 929 1936; x_wconf 89' lang='lat' dir='ltr'><strong>continet,</strong></span> <span class='ocrx_word' id='word_1_133' title='bbox 948 1882 1008 1924; x_wconf 93' lang='lat' dir='ltr'><strong>non</strong></span> <span class='ocrx_word' id='word_1_134' title='bbox 1027 1885 1108 1940; x_wconf 88' lang='lat' dir='ltr'><strong>raro,</strong></span> <span class='ocrx_word' id='word_1_135' title='bbox 1127 1865 1207 1947; x_wconf 86' lang='lat' dir='ltr'><strong>quod</strong></span> <span class='ocrx_word' id='word_1_136' title='bbox 1223 1865 1274 1926; x_wconf 88' lang='lat' dir='ltr'><strong>in-</strong></span> 
     </span>
     <span class='ocr_line' id='line_1_17' title="bbox 208 1959 1273 2041; baseline 0.004 -19"><span class='ocrx_word' id='word_1_137' title='bbox 208 1962 306 2040; x_wconf 81' lang='lat' dir='ltr'><strong>primis</strong></span> <span class='ocrx_word' id='word_1_138' title='bbox 321 1960 353 2020; x_wconf 89' lang='lat' dir='ltr'><strong>in</strong></span> <span class='ocrx_word' id='word_1_139' title='bbox 367 1959 523 2022; x_wconf 85' lang='lat' dir='ltr'><strong>novissimo</strong></span> <span class='ocrx_word' id='word_1_140' title='bbox 539 1970 623 2041; x_wconf 86' lang='lat' dir='ltr'><strong>poeta</strong></span> <span class='ocrx_word' id='word_1_141' title='bbox 636 1959 761 2032; x_wconf 81' lang='lat' dir='ltr'><strong>lactum,</strong></span> <span class='ocrx_word' id='word_1_142' title='bbox 779 1959 862 2022; x_wconf 83' lang='lat' dir='ltr'><strong>docta</strong></span> <span class='ocrx_word' id='word_1_143' title='bbox 874 1982 959 2021; x_wconf 88' lang='lat' dir='ltr'><strong>manu</strong></span> <span class='ocrx_word' id='word_1_144' title='bbox 969 1963 1140 2023; x_wconf 81' lang='lat' dir='ltr'><strong>emendatos.</strong></span> <span class='ocrx_word' id='word_1_145' title='bbox 1153 1965 1188 2023; x_wconf 92' lang='lat' dir='ltr'><strong>ln</strong></span> <span class='ocrx_word' id='word_1_146' title='bbox 1199 1964 1273 2026; x_wconf 81' lang='lat' dir='ltr'><strong>calce</strong></span> 
     </span>
     <span class='ocr_line' id='line_1_18' title="bbox 209 2054 1271 2154; baseline 0.001 -24"><span class='ocrx_word' id='word_1_147' title='bbox 209 2072 271 2131; x_wconf 75' lang='lat' dir='ltr'><strong>haec</strong></span> <span class='ocrx_word' id='word_1_148' title='bbox 290 2069 445 2151; x_wconf 83' lang='lat' dir='ltr'><strong>leguntur:</strong></span> <span class='ocrx_word' id='word_1_149' title='bbox 470 2093 486 2120; x_wconf 77' lang='lat' dir='ltr'><strong>u</strong></span> <span class='ocrx_word' id='word_1_150' title='bbox 497 2069 596 2127; x_wconf 82' lang='lat' dir='ltr'><strong>Emtus</strong></span> <span class='ocrx_word' id='word_1_151' title='bbox 611 2087 665 2147; x_wconf 85' lang='lat' dir='ltr'><strong>per</strong></span> <span class='ocrx_word' id='word_1_152' title='bbox 686 2091 729 2127; x_wconf 83' lang='lat' dir='ltr'><strong>me</strong></span> <span class='ocrx_word' id='word_1_153' title='bbox 743 2069 877 2128; x_wconf 83' lang='lat' dir='ltr'><strong>Jusonem</strong></span> <span class='ocrx_word' id='word_1_154' title='bbox 890 2070 932 2154; x_wconf 66' lang='lat' dir='ltr'><strong>⁸de</strong></span> <span class='ocrx_word' id='word_1_155' title='bbox 949 2071 1059 2150; x_wconf 85' lang='lat' dir='ltr'><strong>Muyno</strong></span> <span class='ocrx_word' id='word_1_156' title='bbox 1076 2054 1132 2130; x_wconf 59' lang='lat' dir='ltr'><strong>dno</strong></span> <span class='ocrx_word' id='word_1_157' title='bbox 1146 2057 1195 2130; x_wconf 49' lang='lat' dir='ltr'><strong>ddi</strong></span> <span class='ocrx_word' id='word_1_158' title='bbox 1205 2094 1271 2153; x_wconf 79' lang='lat' dir='ltr'><strong>sep-</strong></span> 
     </span>
     <span class='ocr_line' id='line_1_19' title="bbox 209 2166 1274 2252; baseline 0.004 -25"><span class='ocrx_word' id='word_1_159' title='bbox 209 2169 363 2245; x_wconf 73' lang='lat' dir='ltr'><strong>tuagesimo</strong></span> <span class='ocrx_word' id='word_1_160' title='bbox 380 2186 452 2224; x_wconf 85' lang='lat' dir='ltr'><strong>nono</strong></span> <span class='ocrx_word' id='word_1_161' title='bbox 469 2187 552 2246; x_wconf 80' lang='lat' dir='ltr'><strong>super</strong></span> <span class='ocrx_word' id='word_1_162' title='bbox 575 2166 718 2225; x_wconf 69' lang='lat' dir='ltr'><strong>millenum</strong></span> <span class='ocrx_word' id='word_1_163' title='bbox 738 2175 992 2247; x_wconf 77' lang='lat' dir='ltr'><strong>quatercentenum.</strong></span> <span class='ocrx_word' id='word_1_164' title='bbox 1018 2168 1140 2229; x_wconf 85' lang='lat' dir='ltr'><strong>Decimo</strong></span> <span class='ocrx_word' id='word_1_165' title='bbox 1159 2172 1274 2252; x_wconf 69' lang='lat' dir='ltr'><strong>neptium</strong></span> 
     </span>
     <span class='ocr_line' id='line_1_20' title="bbox 210 2261 1273 2352; baseline 0.004 -16"><span class='ocrx_word' id='word_1_166' title='bbox 210 2261 274 2336; x_wconf 51' lang='lat' dir='ltr'><strong>lli-ns</strong></span> <span class='ocrx_word' id='word_1_167' title='bbox 304 2275 436 2335; x_wconf 72' lang='lat' dir='ltr'><strong>Ocnum</strong></span> <span class='ocrx_word' id='word_1_168' title='bbox 457 2276 568 2333; x_wconf 79' lang='lat' dir='ltr'><strong>circiter</strong></span> <span class='ocrx_word' id='word_1_169' title='bbox 592 2275 728 2334; x_wconf 85' lang='lat' dir='ltr'><strong>decimam</strong></span> <span class='ocrx_word' id='word_1_170' title='bbox 752 2287 879 2335; x_wconf 78' lang='lat' dir='ltr'><strong>octauum</strong></span> <span class='ocrx_word' id='word_1_171' title='bbox 906 2276 1013 2336; x_wconf 79' lang='lat' dir='ltr'><strong>horam.</strong></span> <span class='ocrx_word' id='word_1_172' title='bbox 1031 2304 1047 2330; x_wconf 75' lang='lat' dir='ltr'><strong>u</strong></span> <span class='ocrx_word' id='word_1_173' title='bbox 1090 2278 1139 2352; x_wconf 75' lang='lat' dir='ltr'><strong>Ab</strong></span> <span class='ocrx_word' id='word_1_174' title='bbox 1162 2281 1219 2340; x_wconf 85' lang='lat' dir='ltr'><strong>hoc</strong></span> <span class='ocrx_word' id='word_1_175' title='bbox 1239 2280 1273 2340; x_wconf 89' lang='lat' dir='ltr'><strong>de</strong></span> 
     </span>
     <span class='ocr_line' id='line_1_21' title="bbox 210 2374 1275 2461; baseline 0.004 -23"><span class='ocrx_word' id='word_1_176' title='bbox 210 2379 316 2459; x_wconf 79' lang='lat' dir='ltr'><strong>Mayno</strong></span> <span class='ocrx_word' id='word_1_177' title='bbox 325 2376 359 2436; x_wconf 91' lang='lat' dir='ltr'><strong>ad</strong></span> <span class='ocrx_word' id='word_1_178' title='bbox 367 2374 526 2437; x_wconf 82' lang='lat' dir='ltr'><strong>Fabricium</strong></span> <span class='ocrx_word' id='word_1_179' title='bbox 535 2374 791 2448; x_wconf 86' lang='lat' dir='ltr'><strong>Chemnitiensem,</strong></span> <span class='ocrx_word' id='word_1_180' title='bbox 804 2387 833 2436; x_wconf 91' lang='lat' dir='ltr'><strong>et</strong></span> <span class='ocrx_word' id='word_1_181' title='bbox 841 2398 905 2437; x_wconf 90' lang='lat' dir='ltr'><strong>cnm</strong></span> <span class='ocrx_word' id='word_1_182' title='bbox 914 2377 998 2461; x_wconf 86' lang='lat' dir='ltr'><strong>hujus</strong></span> <span class='ocrx_word' id='word_1_183' title='bbox 1009 2377 1181 2457; x_wconf 89' lang='lat' dir='ltr'><strong>supellectile</strong></span> <span class='ocrx_word' id='word_1_184' title='bbox 1194 2379 1275 2442; x_wconf 75' lang='lat' dir='ltr'><strong>libra</strong></span> 
     </span>
     <span class='ocr_line' id='line_1_22' title="bbox 209 2476 1274 2563; baseline 0.003 -24"><span class='ocrx_word' id='word_1_185' title='bbox 209 2480 251 2540; x_wconf 83' lang='lat' dir='ltr'><strong>ria</strong></span> <span class='ocrx_word' id='word_1_186' title='bbox 272 2479 302 2538; x_wconf 92' lang='lat' dir='ltr'><strong>in</strong></span> <span class='ocrx_word' id='word_1_187' title='bbox 321 2476 518 2537; x_wconf 87' lang='lat' dir='ltr'><strong>bibliothecam</strong></span> <span class='ocrx_word' id='word_1_188' title='bbox 533 2477 726 2536; x_wconf 84' lang='lat' dir='ltr'><strong>Dresdensem</strong></span> <span class='ocrx_word' id='word_1_189' title='bbox 748 2477 836 2538; x_wconf 85' lang='lat' dir='ltr'><strong>codex</strong></span> <span class='ocrx_word' id='word_1_190' title='bbox 858 2477 883 2537; x_wconf 90' lang='lat' dir='ltr'><strong>is</strong></span> <span class='ocrx_word' id='word_1_191' title='bbox 908 2480 1045 2561; x_wconf 84' lang='lat' dir='ltr'><strong>pervenit.</strong></span> <span class='ocrx_word' id='word_1_192' title='bbox 1068 2482 1137 2542; x_wconf 87' lang='lat' dir='ltr'><strong>Non</strong></span> <span class='ocrx_word' id='word_1_193' title='bbox 1158 2480 1274 2563; x_wconf 84' lang='lat' dir='ltr'><strong>quidem</strong></span> 
     </span>
     <span class='ocr_line' id='line_1_23' title="bbox 209 2577 1274 2663; baseline 0 -21"><span class='ocrx_word' id='word_1_194' title='bbox 209 2579 297 2642; x_wconf 84' lang='lat' dir='ltr'><strong>multa</strong></span> <span class='ocrx_word' id='word_1_195' title='bbox 308 2577 441 2639; x_wconf 83' lang='lat' dir='ltr'><strong>notabilia</strong></span> <span class='ocrx_word' id='word_1_196' title='bbox 456 2577 486 2637; x_wconf 92' lang='lat' dir='ltr'><strong>in</strong></span> <span class='ocrx_word' id='word_1_197' title='bbox 500 2589 593 2655; x_wconf 82' lang='lat' dir='ltr'><strong>poetae</strong></span> <span class='ocrx_word' id='word_1_198' title='bbox 609 2577 751 2650; x_wconf 85' lang='lat' dir='ltr'><strong>lectione,</strong></span> <span class='ocrx_word' id='word_1_199' title='bbox 769 2590 818 2638; x_wconf 86' lang='lat' dir='ltr'><strong>aut</strong></span> <span class='ocrx_word' id='word_1_200' title='bbox 832 2580 969 2663; x_wconf 74' lang='lat' dir='ltr'><strong>avulgata</strong></span> <span class='ocrx_word' id='word_1_201' title='bbox 983 2580 1107 2654; x_wconf 84' lang='lat' dir='ltr'><strong>diversa,</strong></span> <span class='ocrx_word' id='word_1_202' title='bbox 1122 2579 1274 2661; x_wconf 79' lang='lat' dir='ltr'><strong>offerebat3</strong></span> 
     </span>
     <span class='ocr_line' id='line_1_24' title="bbox 211 2676 1275 2755; baseline 0.003 -15"><span class='ocrx_word' id='word_1_203' title='bbox 211 2677 364 2740; x_wconf 73' lang='lat' dir='ltr'><strong>nonnullus</strong></span> <span class='ocrx_word' id='word_1_204' title='bbox 379 2690 473 2737; x_wconf 77' lang='lat' dir='ltr'><strong>tamen</strong></span> <span class='ocrx_word' id='word_1_205' title='bbox 485 2676 623 2738; x_wconf 88' lang='lat' dir='ltr'><strong>lectiones</strong></span> <span class='ocrx_word' id='word_1_206' title='bbox 637 2676 721 2736; x_wconf 90' lang='lat' dir='ltr'><strong>nnius</strong></span> <span class='ocrx_word' id='word_1_207' title='bbox 736 2676 780 2738; x_wconf 81' lang='lat' dir='ltr'><strong>rel</strong></span> <span class='ocrx_word' id='word_1_208' title='bbox 790 2699 942 2755; x_wconf 88' lang='lat' dir='ltr'><strong>pancorum</strong></span> <span class='ocrx_word' id='word_1_209' title='bbox 960 2677 1097 2740; x_wconf 90' lang='lat' dir='ltr'><strong>librorum</strong></span> <span class='ocrx_word' id='word_1_210' title='bbox 1108 2681 1275 2743; x_wconf 86' lang='lat' dir='ltr'><strong>auctoritate</strong></span> 
     </span>
     <span class='ocr_line' id='line_1_25' title="bbox 212 2773 1275 2857; baseline -0.001 -15"><span class='ocrx_word' id='word_1_211' title='bbox 212 2778 342 2842; x_wconf 78' lang='lat' dir='ltr'><strong>subnixas</strong></span> <span class='ocrx_word' id='word_1_212' title='bbox 357 2797 410 2838; x_wconf 87' lang='lat' dir='ltr'><strong>suo</strong></span> <span class='ocrx_word' id='word_1_213' title='bbox 426 2774 560 2857; x_wconf 83' lang='lat' dir='ltr'><strong>suffragio</strong></span> <span class='ocrx_word' id='word_1_214' title='bbox 577 2773 769 2836; x_wconf 85' lang='lat' dir='ltr'><strong>confirmabat.</strong></span> <span class='ocrx_word' id='word_1_215' title='bbox 787 2775 864 2835; x_wconf 93' lang='lat' dir='ltr'><strong>Illud</strong></span> <span class='ocrx_word' id='word_1_216' title='bbox 879 2798 947 2838; x_wconf 85' lang='lat' dir='ltr'><strong>vero</strong></span> <span class='ocrx_word' id='word_1_217' title='bbox 963 2774 993 2835; x_wconf 90' lang='lat' dir='ltr'><strong>in</strong></span> <span class='ocrx_word' id='word_1_218' title='bbox 1009 2797 1045 2838; x_wconf 96' lang='lat' dir='ltr'><strong>eo</strong></span> <span class='ocrx_word' id='word_1_219' title='bbox 1068 2777 1197 2856; x_wconf 87' lang='lat' dir='ltr'><strong>inprimis</strong></span> <span class='ocrx_word' id='word_1_220' title='bbox 1219 2801 1275 2841; x_wconf 89' lang='lat' dir='ltr'><strong>me·</strong></span> 
     </span>
     <span class='ocr_line' id='line_1_26' title="bbox 212 2872 1273 2955; baseline -0.001 -16"><span class='ocrx_word' id='word_1_221' title='bbox 212 2875 364 2948; x_wconf 87' lang='lat' dir='ltr'><strong>morabile,</strong></span> <span class='ocrx_word' id='word_1_222' title='bbox 382 2874 461 2954; x_wconf 88' lang='lat' dir='ltr'><strong>quod</strong></span> <span class='ocrx_word' id='word_1_223' title='bbox 474 2895 572 2934; x_wconf 84' lang='lat' dir='ltr'><strong>versus</strong></span> <span class='ocrx_word' id='word_1_224' title='bbox 587 2872 722 2933; x_wconf 90' lang='lat' dir='ltr'><strong>insititios</strong></span> <span class='ocrx_word' id='word_1_225' title='bbox 737 2874 973 2955; x_wconf 81' lang='lat' dir='ltr'><strong>interpolatorum</strong></span> <span class='ocrx_word' id='word_1_226' title='bbox 990 2877 1106 2938; x_wconf 88' lang='lat' dir='ltr'><strong>nomine</strong></span> <span class='ocrx_word' id='word_1_227' title='bbox 1121 2889 1273 2941; x_wconf 84' lang='lat' dir='ltr'><strong>notaverat.</strong></span> 
     </span>
     <span class='ocr_line' id='line_1_27' title="bbox 213 2971 1275 3062; baseline 0.001 -24"><span class='ocrx_word' id='word_1_228' title='bbox 213 2976 304 3038; x_wconf 86' lang='lat' dir='ltr'><strong>Libro</strong></span> <span class='ocrx_word' id='word_1_229' title='bbox 318 2976 351 3047; x_wconf 91' lang='lat' dir='ltr'><strong>I,</strong></span> <span class='ocrx_word' id='word_1_230' title='bbox 367 2973 440 3053; x_wconf 86' lang='lat' dir='ltr'><strong>eleg.</strong></span> <span class='ocrx_word' id='word_1_231' title='bbox 457 2988 498 3042; x_wconf 83' lang='lat' dir='ltr'><strong>tt,</strong></span> <span class='ocrx_word' id='word_1_232' title='bbox 515 2983 582 3048; x_wconf 91' lang='lat' dir='ltr'><strong>post</strong></span> <span class='ocrx_word' id='word_1_233' title='bbox 597 2988 624 3032; x_wconf 83' lang='lat' dir='ltr'><strong>r.</strong></span> <span class='ocrx_word' id='word_1_234' title='bbox 640 2973 695 3047; x_wconf 71' lang='lat' dir='ltr'><strong>ni,</strong></span> <span class='ocrx_word' id='word_1_235' title='bbox 710 2971 797 3056; x_wconf 75' lang='lat' dir='ltr'><strong>vulgo</strong></span> <span class='ocrx_word' id='word_1_236' title='bbox 811 2973 945 3034; x_wconf 82' lang='lat' dir='ltr'><strong>inseritur</strong></span> <span class='ocrx_word' id='word_1_237' title='bbox 957 2976 1117 3055; x_wconf 87' lang='lat' dir='ltr'><strong>distichon,</strong></span> <span class='ocrx_word' id='word_1_238' title='bbox 1135 2979 1212 3062; x_wconf 87' lang='lat' dir='ltr'><strong>qnod</strong></span> <span class='ocrx_word' id='word_1_239' title='bbox 1227 2978 1275 3040; x_wconf 89' lang='lat' dir='ltr'><strong>ille</strong></span> 
     </span>
     <span class='ocr_line' id='line_1_28' title="bbox 215 3068 772 3154; baseline -0.013 -18"><span class='ocrx_word' id='word_1_240' title='bbox 215 3096 280 3136; x_wconf 89' lang='lat' dir='ltr'><strong>cum</strong></span> <span class='ocrx_word' id='word_1_241' title='bbox 295 3071 402 3154; x_wconf 87' lang='lat' dir='ltr'><strong>duplici</strong></span> <span class='ocrx_word' id='word_1_242' title='bbox 416 3080 592 3149; x_wconf 77' lang='lat' dir='ltr'><strong>pentametro</strong></span> <span class='ocrx_word' id='word_1_243' title='bbox 607 3068 772 3133; x_wconf 76' lang='lat' dir='ltr'><strong>exhibebat:</strong></span> 
     </span>
    </p>
   </div>
   <div class='ocr_carea' id='block_1_8' title="bbox 377 3245 996 3484">
    <p class='ocr_par' dir='ltr' id='par_1_9' title="bbox 377 3245 996 3484">
     <span class='ocr_line' id='line_1_29' title="bbox 377 3245 996 3319; baseline 0.006 -19"><span class='ocrx_word' id='word_1_244' title='bbox 377 3248 419 3300; x_wconf 82' lang='lat' dir='ltr'><strong>En</strong></span> <span class='ocrx_word' id='word_1_245' title='bbox 431 3262 477 3318; x_wconf 70' lang='lat' dir='ltr'><strong>ego</strong></span> <span class='ocrx_word' id='word_1_246' title='bbox 489 3265 546 3298; x_wconf 89' lang='lat' dir='ltr'><strong>cnm</strong></span> <span class='ocrx_word' id='word_1_247' title='bbox 556 3245 663 3298; x_wconf 81' lang='lat' dir='ltr'><strong>tenebris</strong></span> <span class='ocrx_word' id='word_1_248' title='bbox 674 3259 725 3298; x_wconf 77' lang='lat' dir='ltr'><strong>tota</strong></span> <span class='ocrx_word' id='word_1_249' title='bbox 734 3265 813 3319; x_wconf 69' lang='lat' dir='ltr'><strong>vagor</strong></span> <span class='ocrx_word' id='word_1_250' title='bbox 825 3249 913 3301; x_wconf 78' lang='lat' dir='ltr'><strong>anxins</strong></span> <span class='ocrx_word' id='word_1_251' title='bbox 922 3251 996 3316; x_wconf 88' lang='lat' dir='ltr'><strong>urbe,</strong></span> 
     </span>
     <span class='ocr_line' id='line_1_30' title="bbox 411 3336 909 3393; baseline 0.002 -3"><span class='ocrx_word' id='word_1_252' title='bbox 411 3336 534 3391; x_wconf 75' lang='lat' dir='ltr'><strong>Presidio</strong></span> <span class='ocrx_word' id='word_1_253' title='bbox 546 3337 625 3390; x_wconf 82' lang='lat' dir='ltr'><strong>noctis</strong></span> <span class='ocrx_word' id='word_1_254' title='bbox 636 3337 716 3390; x_wconf 82' lang='lat' dir='ltr'><strong>sentio</strong></span> <span class='ocrx_word' id='word_1_255' title='bbox 730 3338 814 3390; x_wconf 80' lang='lat' dir='ltr'><strong>adesse</strong></span> <span class='ocrx_word' id='word_1_256' title='bbox 828 3340 909 3393; x_wconf 73' lang='lat' dir='ltr'><strong>deam·</strong></span> 
     </span>
     <span class='ocr_line' id='line_1_31' title="bbox 414 3427 984 3484; baseline 0.007 -4"><span class='ocrx_word' id='word_1_257' title='bbox 414 3427 573 3481; x_wconf 75' lang='lat' dir='ltr'><strong>securunio</strong></span> <span class='ocrx_word' id='word_1_258' title='bbox 585 3428 692 3480; x_wconf 87' lang='lat' dir='ltr'><strong>tenebris</strong></span> <span class='ocrx_word' id='word_1_259' title='bbox 702 3449 743 3480; x_wconf 83' lang='lat' dir='ltr'><strong>mc</strong></span> <span class='ocrx_word' id='word_1_260' title='bbox 753 3429 812 3483; x_wconf 77' lang='lat' dir='ltr'><strong>lecit</strong></span> <span class='ocrx_word' id='word_1_261' title='bbox 823 3440 874 3483; x_wconf 82' lang='lat' dir='ltr'><strong>ease</strong></span> <span class='ocrx_word' id='word_1_262' title='bbox 886 3431 984 3484; x_wconf 79' lang='lat' dir='ltr'><strong>Venus.</strong></span> 
     </span>
    </p>
   </div>
   <div class='ocr_carea' id='block_1_9' title="bbox 219 3607 1278 3871">
    <p class='ocr_par' dir='ltr' id='par_1_10' title="bbox 219 3607 1278 3871">
     <span class='ocr_line' id='line_1_32' title="bbox 219 3607 1278 3693; baseline 0.001 -24"><span class='ocrx_word' id='word_1_263' title='bbox 219 3610 267 3669; x_wconf 80' lang='lat' dir='ltr'><strong>Ad</strong></span> <span class='ocrx_word' id='word_1_264' title='bbox 281 3609 405 3688; x_wconf 86' lang='lat' dir='ltr'><strong>priorem</strong></span> <span class='ocrx_word' id='word_1_265' title='bbox 416 3618 620 3685; x_wconf 84' lang='lat' dir='ltr'><strong>pentametrum</strong></span> <span class='ocrx_word' id='word_1_266' title='bbox 629 3607 800 3684; x_wconf 84' lang='lat' dir='ltr'><strong>adscriptum</strong></span> <span class='ocrx_word' id='word_1_267' title='bbox 811 3619 889 3668; x_wconf 88' lang='lat' dir='ltr'><strong>crat:</strong></span> <span class='ocrx_word' id='word_1_268' title='bbox 904 3609 1010 3668; x_wconf 80' lang='lat' dir='ltr'><strong>Seneca</strong></span> <span class='ocrx_word' id='word_1_269' title='bbox 1024 3610 1067 3668; x_wconf 81' lang='lat' dir='ltr'><strong>sic</strong></span> <span class='ocrx_word' id='word_1_270' title='bbox 1076 3612 1231 3693; x_wconf 80' lang='lat' dir='ltr'><strong>supplenit;</strong></span> <span class='ocrx_word' id='word_1_271' title='bbox 1248 3623 1278 3672; x_wconf 86' lang='lat' dir='ltr'><strong>et</strong></span> 
     </span>
     <span class='ocr_line' id='line_1_33' title="bbox 219 3706 1274 3795; baseline 0.005 -28"><span class='ocrx_word' id='word_1_272' title='bbox 219 3708 253 3768; x_wconf 87' lang='lat' dir='ltr'><strong>ad</strong></span> <span class='ocrx_word' id='word_1_273' title='bbox 267 3708 385 3769; x_wconf 81' lang='lat' dir='ltr'><strong>alterum</strong></span> <span class='ocrx_word' id='word_1_274' title='bbox 397 3729 404 3766; x_wconf 90' lang='lat'><strong>:</strong></span> <span class='ocrx_word' id='word_1_275' title='bbox 418 3707 544 3786; x_wconf 66' lang='lat' dir='ltr'><strong>Annspu</strong></span> <span class='ocrx_word' id='word_1_276' title='bbox 559 3722 624 3767; x_wconf 75' lang='lat' dir='ltr'><strong>nero</strong></span> <span class='ocrx_word' id='word_1_277' title='bbox 634 3708 685 3766; x_wconf 82' lang='lat' dir='ltr'><strong>sic.</strong></span> <span class='ocrx_word' id='word_1_278' title='bbox 698 3708 790 3767; x_wconf 90' lang='lat' dir='ltr'><strong>Porro</strong></span> <span class='ocrx_word' id='word_1_279' title='bbox 802 3706 866 3766; x_wconf 88' lang='lat' dir='ltr'><strong>Lib.</strong></span> <span class='ocrx_word' id='word_1_280' title='bbox 877 3709 925 3781; x_wconf 93' lang='lat' dir='ltr'><strong>ll,</strong></span> <span class='ocrx_word' id='word_1_281' title='bbox 941 3707 1011 3791; x_wconf 82' lang='lat' dir='ltr'><strong>eleg.</strong></span> <span class='ocrx_word' id='word_1_282' title='bbox 1024 3721 1079 3785; x_wconf 77' lang='grc' dir='ltr'>ιιι,</span> <span class='ocrx_word' id='word_1_283' title='bbox 1092 3723 1159 3792; x_wconf 88' lang='lat' dir='ltr'><strong>post</strong></span> <span class='ocrx_word' id='word_1_284' title='bbox 1172 3735 1200 3776; x_wconf 82' lang='lat' dir='ltr'><strong>v.</strong></span> <span class='ocrx_word' id='word_1_285' title='bbox 1221 3734 1274 3795; x_wconf 81' lang='lat'><strong>17,</strong></span> 
     </span>
     <span class='ocr_line' id='line_1_34' title="bbox 221 3809 1118 3871; baseline 0.002 -4"><span class='ocrx_word' id='word_1_286' title='bbox 221 3809 372 3871; x_wconf 76' lang='lat' dir='ltr'><strong>inseriturz</strong></span> <span class='ocrx_word' id='word_1_287' title='bbox 1113 3811 1118 3819; x_wconf 87' lang='grc'><strong><em>’</em></strong></span> 
     </span>
    </p>
   </div>
   <div class='ocr_carea' id='block_1_10' title="bbox 385 3978 971 4148">
    <p class='ocr_par' dir='ltr' id='par_1_11' title="bbox 385 3978 971 4148">
     <span class='ocr_line' id='line_1_35' title="bbox 385 3978 962 4055; baseline 0 -20"><span class='ocrx_word' id='word_1_288' title='bbox 385 3985 440 4055; x_wconf 86' lang='lat' dir='ltr'><strong>Ipse</strong></span> <span class='ocrx_word' id='word_1_289' title='bbox 453 3982 512 4035; x_wconf 88' lang='lat' dir='ltr'><strong>deus</strong></span> <span class='ocrx_word' id='word_1_290' title='bbox 523 3980 609 4034; x_wconf 84' lang='lat' dir='ltr'><strong>solitus</strong></span> <span class='ocrx_word' id='word_1_291' title='bbox 620 3979 722 4033; x_wconf 82' lang='lat' dir='ltr'><strong>stabulis</strong></span> <span class='ocrx_word' id='word_1_292' title='bbox 733 3978 853 4054; x_wconf 83' lang='lat' dir='ltr'><strong>erpellere</strong></span> <span class='ocrx_word' id='word_1_293' title='bbox 864 4000 962 4051; x_wconf 81' lang='lat' dir='ltr'><strong>vaccas,</strong></span> 
     </span>
     <span class='ocr_line' id='line_1_36' title="bbox 418 4073 971 4148; baseline 0.004 -24"><span class='ocrx_word' id='word_1_294' title='bbox 418 4073 533 4126; x_wconf 86' lang='lat' dir='ltr'><strong>Creditur</strong></span> <span class='ocrx_word' id='word_1_295' title='bbox 543 4074 575 4127; x_wconf 81' lang='lat' dir='ltr'><strong>ad</strong></span> <span class='ocrx_word' id='word_1_296' title='bbox 587 4073 718 4127; x_wconf 83' lang='lat' dir='ltr'><strong>mulctram</strong></span> <span class='ocrx_word' id='word_1_297' title='bbox 731 4073 883 4127; x_wconf 70' lang='lat' dir='ltr'><strong>constituisse</strong></span> <span class='ocrx_word' id='word_1_298' title='bbox 894 4074 971 4148; x_wconf 76' lang='lat' dir='ltr'><strong>print.</strong></span> 
     </span>
    </p>
   </div>
   <div class='ocr_carea' id='block_1_11' title="bbox 0 0 1374 4762">
    <p class='ocr_par' dir='ltr' id='par_1_12' title="bbox 0 0 1374 4762">
     <span class='ocr_line' id='line_1_37' title="bbox 0 0 1374 4762; baseline 0 0"><span class='ocrx_word' id='word_1_299' title='bbox 0 0 1374 4762; x_wconf 95' lang='lat' dir='ltr'><strong> </strong></span> 
     </span>
    </p>
   </div>
  </div>
 </body>
</html>
