2828 4762
229 339 245 376 π
564 322 708 390 ALBII
734 323 952 393 TIBULLI

226 464 335 560 Quem
353 461 446 537 labor
462 464 614 538 assiduus
632 464 740 539 vicino
759 481 880 538 terreat
897 463 1010 552 hoste,

224 624 329 690 bus,ubi
339 625 458 679 similiter
466 630 575 681 rimulta
582 636 731 696 usurpatur,

224 701 271 755 sibi
283 713 401 755 constare
414 722 502 771 posse;
515 703 551 756 ait
562 703 634 756 enim
643 714 734 757 noster

135 781 138 785 ’
156 780 168 808 ”
225 791 318 850 poeta,
337 781 447 847 lib.lll,
470 782 543 852 Eleg.
553 800 603 849 111,
626 788 731 838 vers-5:

225 880 239 904 «
251 859 304 912 Aut
317 871 346 913 ut
357 864 436 912 multa
448 859 500 913 mei
512 870 672 914 renovarent
682 861 732 930 ju-

225 959 286 1008 gera
299 940 376 1006 tauri,
390 939 424 992 Et
436 958 543 1009 magnas
554 959 650 993 messes
661 949 731 992 terra

225 1016 338 1085 benigna
349 1017 451 1071 daret.»
467 1017 506 1071 ld.
517 1017 544 1068 in
558 1016 617 1069 libri
626 1016 734 1070 secundi

226 1095 298 1166 Eleg.
308 1111 342 1148 ιιι
352 1136 360 1161 ,
373 1100 417 1160 41:
435 1119 448 1142 u
457 1095 594 1149 Predator
604 1094 676 1164 eupit
686 1095 733 1148 im·
748 1146 750 1151 ,

225 1195 330 1229 mensos
342 1176 461 1229 obsidere
471 1194 592 1243 campos,
607 1174 646 1228 Ut
656 1178 734 1228 multo

224 1254 394 1306 innumeram
413 1255 503 1324 jugere
524 1262 610 1321 pascat
624 1270 731 1305 orem.»

226 1332 291 1384 Haec
303 1331 420 1399 exempla
431 1340 503 1384 certo
515 1329 547 1383 ad
560 1348 618 1382 rem
626 1330 732 1398 propius

225 1410 353 1464 accedunt
370 1429 449 1478 quam
460 1408 523 1462 illud
538 1409 660 1475 Horatii,
679 1429 694 1462 a
705 1409 731 1462 J.

226 1491 262 1541 H.
270 1492 345 1542 Voss.
355 1489 475 1543 relatum.
499 1486 555 1542 lllic
567 1487 638 1541 enirn
649 1492 732 1540 rinme·

224 1566 381 1619 lalaeodern
391 1585 469 1619 sensu
477 1563 658 1633 scribiturquo
669 1567 731 1616 indi-

224 1646 366 1698 ur'samdde
376 1645 446 1715 quod
455 1650 480 1698 τὶ
488 1647 567 1696 multa
575 1641 731 1710 quibusdam

224 1722 356 1775 codicibus
369 1720 525 1800 insit,'vu5bi
537 1719 629 1788 gratia,
642 1718 729 1784 Statii,

226 1801 308 1868 isacii,
317 1775 595 1866 Vossifilidthaboque
601 1796 730 1851 seeundo:

225 1880 323 1932 accedit
336 1889 460 1945 praeterea
469 1875 574 1945 quodin
585 1877 617 1928 V.
627 1873 660 1928 C.
668 1874 732 1927 Dio-

224 1958 308 2010 medis
327 1957 394 2009 libro
412 1956 507 2018 citato,
530 1964 595 2006 teste
609 1952 729 2019 Heinsio,

225 2034 420 2103 legitur-mulla,
442 2051 497 2085 non
509 2050 610 2098 magra.

256 2117 280 2166 3.
298 2115 365 2166 Hrec
383 2112 510 2182 scriptura
522 2130 536 2163 e
548 2110 636 2164 codice
649 2111 730 2164 Pari-

223 2191 300 2245 siensi
312 2202 380 2245 etex
392 2190 454 2244 edit.
466 2190 528 2243 anni
542 2193 603 2258 ¹47²
615 2200 729 2259 sumpta,

224 2269 299 2322 nobis
311 2269 422 2323 lectione
434 2271 557 2321 adsiduus
573 2266 667 2319 melior
677 2267 730 2320 visa

223 2359 269 2404 est.
281 2346 475 2403 Hordistiehon
484 2366 498 2400 a
507 2345 728 2415 quibusdamspu·

223 2423 647 2495 riuminterpolatumquedicitur,
658 2422 693 2476 ita
699 2435 730 2477 ut

222 2507 250 2561 in
260 2505 394 2560 nonnullis
403 2504 561 2560 editionibus
571 2503 644 2556 desit.
657 2504 728 2575 Hsy·

222 2588 298 2652 nius,
311 2584 356 2655 qui
368 2583 405 2636 illi
416 2583 444 2636 in
454 2581 570 2636 editione
582 2600 628 2635 sua
640 2581 727 2636 locum

222 2663 358 2734 patefecit,
377 2672 467 2714 tamen
482 2678 537 2712 non
550 2658 652 2715 dubitat
662 2659 725 2728 quin

219 2746 253 2798 sit
264 2741 442 2797 eradendum:
456 2763 470 2788 e
478 2739 522 2794 Sic
535 2750 624 2793 autem
636 2739 660 2792 ei
672 2739 727 2809 pri-

219 2843 295 2877 murn
314 2819 443 2875 distichon
458 2838 550 2888 parum
568 2817 724 2887 respondet:

220 2923 283 2957 narn
298 2901 342 2970 qui
353 2899 439 2953 adbuc
450 2898 498 2951 sub
514 2896 592 2966 signis
604 2896 724 2962 habetur,

219 2981 267 3033 etsi
278 2980 343 3032 sorte
356 2977 398 3029 ille
410 2992 552 3043 congerere
563 2972 665 3026 divitias
674 2971 725 3025 dici
755 3020 757 3025 .

219 3059 316 3130 possit,
344 3055 464 3109 nondum
486 3062 575 3105 tamen
595 3050 638 3103 ille
661 3060 727 3105 reret

218 3135 286 3189 culta
298 3135 389 3202 jugera
400 3130 462 3192 soli,
475 3139 522 3182 aut
532 3127 552 3181 si
565 3137 647 3192 tenet,
661 3126 724 3180 alie-

218 3230 284 3264 num
306 3220 395 3262 tamen
411 3206 462 3259 boc
480 3223 553 3257 nunc
567 3222 582 3256 a
595 3214 648 3257 tota
661 3222 723 3256 sen-

217 3288 307 3342 tentia.
326 3285 432 3354 Alioqui
449 3284 518 3338 beno
536 3282 661 3336 convenit
673 3281 723 3336 hoc

217 3364 287 3433 qnod
299 3364 326 3415 in
338 3372 402 3415 nota
415 3360 504 3431 posui:
522 3358 617 3429 duplex
627 3377 659 3412 ex
671 3359 722 3411 mi-

215 3443 270 3497 litia
291 3440 395 3495 lucrum
414 3440 508 3510 praedse
527 3450 554 3493 et
574 3439 721 3508 assignato-

216 3540 278 3574 rum
292 3537 415 3588 agrorum
436 3518 461 3569 b.
476 3517 524 3572 loe.
538 3516 639 3586 respici.
660 3515 718 3569 Co-

215 3600 328 3672 gitabam
348 3597 381 3650 de
400 3596 529 3650 veteranis
540 3594 680 3648 limitaneis
692 3596 720 3648 in

215 3675 318 3746 imperii
336 3674 433 3727 finibus
455 3672 577 3727 adversus
598 3673 720 3725 barbaros

214 3753 357 3818 collocatis,
380 3752 470 3820 quiet
489 3770 563 3820 agros
582 3761 674 3803 tenere
693 3761 720 3803 et

213 3832 290 3886 simul
308 3831 405 3885 militiae
423 3840 537 3883 terrores
548 3827 659 3897 experiri
671 3848 719 3899 po-

213 3921 316 3973 terant;
336 3908 434 3963 Tibulli
453 3917 527 3962 etate
545 3906 667 3960 nondum
680 3907 718 3959 le-

213 3990 303 4059 giones
313 3988 340 4041 in
353 3986 477 4041 limitibus
489 3984 660 4038 habebantur.
678 3987 718 4039 lta

212 4088 274 4120 vero
294 4087 381 4121 versus
398 4087 412 4120 a
429 4066 526 4122 seriore
544 4075 621 4133 poeta
632 4065 717 4118 inser·

767 2460 771 2483 t

781 637 820 682 tos
831 627 939 682 credere
950 647 1056 683 necesse
1068 641 1136 684 est.»
1156 633 1220 687 Hoc
1231 635 1292 704 qui·

781 705 842 760 dem
855 706 985 780 Heynius.
1004 709 1086 763 Nobis
1098 709 1168 764 aliud
1180 715 1288 768 credere

780 803 881 839 necesse
890 795 941 847 est,
963 784 1017 840 scil.
1027 786 1204 843 doctissimum
1217 789 1290 844 illurn

780 861 867 915 virum
890 883 904 917 e
926 863 1032 917 Tibullo
1056 865 1289 936 mathematicum,

781 958 837 992 non
850 951 956 1010 poetam
968 940 1096 996 effinxisse
1107 982 1115 1010 ,
1136 945 1232 1015 qnippe
1245 947 1291 1016 qui

781 1019 869 1073 omnia
889 1037 1051 1091 quaecunque
1065 1019 1108 1075 ille
1122 1021 1233 1088 dixerit,
1256 1024 1289 1078 ad

781 1097 892 1151 verbum
900 1099 1086 1169 interpretatus
1097 1101 1139 1168 sit,
1153 1114 1183 1156 ut
1191 1103 1224 1156 de
1234 1123 1289 1157 nno

781 1176 913 1230 aceodem
922 1176 1004 1231 milite
1013 1179 1182 1233 incommoda
1190 1181 1290 1235 militine

781 1252 951 1324 intelligenda
963 1254 1126 1309 riderentur.
1146 1257 1210 1325 Quo
1221 1257 1289 1313 lacto

780 1330 893 1384 verbum
904 1340 973 1385 tenet
983 1330 1081 1384 mirum
1091 1333 1120 1384 in
1129 1334 1238 1388 modurn
1246 1354 1290 1388 nr-

780 1422 824 1480 get
835 1410 967 1484 Heynius,
981 1411 1053 1480 quasi
1061 1429 1126 1481 opus
1134 1413 1289 1468 essetmilite

779 1509 854 1543 nunc
861 1489 929 1559 agris
935 1490 988 1544 suis
997 1490 1135 1545 insidente.
1148 1493 1203 1546 Nec
1211 1492 1289 1546 rideo

779 1564 841 1634 quid
855 1566 991 1634 impediat,
1004 1586 1057 1636 quo
1069 1568 1245 1622 minusbostis
1252 1569 1290 1620 vi·

779 1644 852 1696 cinus
860 1642 971 1708 dicatur,
979 1663 1035 1697 non
1045 1644 1152 1713 quidem
1160 1645 1229 1714 agri3
1241 1646 1288 1699 sed

780 1722 859 1793 ipsius
864 1721 954 1778 militis
965 1744 1037 1778 nunc
1047 1726 1176 1795 stipendia
1188 1726 1290 1780 lacien-

780 1800 812 1853 tis
822 1799 992 1870 laboremque
1003 1802 1182 1871 suscipientis,
1200 1803 1289 1870 quoin

780 1888 915 1945 posterum
934 1879 1025 1945 jugera
1041 1899 1135 1947 magra
1152 1879 1194 1932 vel
1208 1883 1288 1932 multa

780 1957 905 2026 acquirat.
913 1957 1062 2031 SedHeyn.
1070 1959 1117 2012 alia
1126 1959 1165 2014 bis
1172 1958 1288 2014 versibus

779 2033 863 2087 inesse
878 2033 1007 2100 declarat,
1027 2054 1084 2103 qnae
1098 2055 1145 2090 nos
1157 2047 1288 2105 premant.

780 2110 959 2178 «Quomodo,
972 2112 1017 2176 ait,
1032 2112 1081 2165 boc
1093 2111 1151 2164 tieri
1163 2124 1249 2182 potest
1257 2124 1288 2166 ut

779 2189 852 2242 labor
875 2188 991 2243 terreat?
1079 2202 1181 2247 terrent
1200 2192 1285 2259 mala,

778 2268 901 2337 pericula,
913 2266 1062 2321 discrimina
1074 2289 1081 2332 3
1099 2268 1173 2322 labor
1184 2280 1285 2336 autern,

777 2347 872 2415 quippe
884 2345 928 2417 qui
941 2346 1092 2404 tolerandus
1101 2357 1156 2413 est,
1177 2349 1285 2416 premit,

776 2434 862 2495 urget,
875 2436 985 2479 exercet
1004 2426 1093 2479 «Pace
1107 2427 1171 2482 tanti
1181 2428 1229 2479 viri
1241 2427 1285 2480 la-

776 2503 826 2557 bor
837 2504 884 2557 etsi
901 2502 1068 2571 tolerandus,
1091 2514 1181 2558 tamen
1194 2505 1285 2558 anxius

776 2601 831 2636 esse
848 2592 950 2652 potest,
969 2592 999 2635 ut
1017 2581 1112 2635 merito
1126 2593 1225 2636 terrere
1236 2582 1283 2635 di-

774 2670 863 2722 catur;
884 2657 970 2711 absint
985 2657 1073 2727 itaque
1085 2659 1285 2714 emendationes

774 2745 903 2798 exerceat,
924 2746 1028 2797 terreat.
1047 2757 1133 2804 pavor.
1160 2738 1283 2808 Denique

775 2815 898 2887 Heynius
916 2815 995 2868 verba
1013 2820 1125 2870 classica
1140 2821 1217 2882 pulsa
1236 2818 1283 2871 in-

774 2902 871 2959 crepat.
889 2891 1021 2947 «Classiea
1031 2893 1088 2947 cani
1099 2893 1139 2946 vel
1150 2893 1236 2946 inflari
1248 2895 1283 2948 di·

774 2980 880 3035 cuntur,
893 2989 950 3022 non
963 2971 1036 3039 pelli;
1049 2982 1094 3023 aut
1104 2971 1184 3040 igitur
1194 2973 1282 3027 exole-

773 3059 867 3102 verant
883 3048 1030 3102 litterarum
1046 3049 1138 3103 duetus
1152 3050 1179 3103 in
1192 3063 1281 3106 vetere

772 3125 862 3180 ebarta
880 3136 908 3178 et
923 3125 992 3179 male
1012 3128 1125 3196 reparati
1137 3140 1215 3194 sunt,
1236 3141 1281 3181 aut

771 3200 884 3257 debetur
891 3212 976 3255 totum
984 3201 1115 3255 distichon
1125 3203 1226 3257 bomini
1236 3203 1280 3256 do·

770 3288 813 3331 eto
824 3297 856 3331 er
865 3277 963 3338 seriore
975 3296 1046 3332 sevo:
1058 3280 1082 3335 ei
1094 3279 1197 3335 classica
1208 3280 1280 3349 pulsa

771 3355 853 3409 videri
872 3367 994 3425 poterant
1011 3358 1136 3426 quoniam
1154 3369 1280 3432 tympana

770 3436 842 3503 pulsa
863 3435 1010 3505 cogitabat,
1029 3455 1088 3505 ques
1109 3456 1181 3491 nuno
1201 3437 1280 3507 signis

770 3513 924 3568 militaribus
954 3514 1063 3570 edendis
1088 3515 1279 3570 adhibentur.»

770 3593 796 3645 J.
819 3593 856 3646 H.
875 3594 951 3647 Voss.
975 3593 1044 3647 banc
1063 3593 1226 3648 oooasionem
1250 3595 1277 3646 in

769 3671 924 3743 lleynium,
938 3672 1010 3740 quasi
1023 3672 1051 3724 in
1065 3671 1184 3735 hostem,
1197 3671 1277 3722 inva-

769 3749 850 3802 dendi
869 3759 978 3816 nactus,
1000 3767 1061 3803 eum
1080 3747 1175 3800 merito
1192 3746 1276 3800 resel-

767 3825 807 3894 lit,
822 3827 974 3881 Lucretium
987 3825 1174 3892 Catullumque
1186 3844 1275 3878 secum
1376 3853 1377 3857 ¹

767 3908 917 3974 adducens,
932 3907 977 3976 qui
988 3917 1100 3974 uterque
1111 3908 1207 3972 pellere
1222 3908 1275 3958 hu-

767 4011 833 4044 mum
839 3993 946 4058 pedidus
959 3987 1063 4051 direre3
1082 3986 1152 4056 quod
1165 3987 1274 4057 quidem

766 4066 876 4119 minime
886 4064 960 4118 litem
971 4062 1124 4131 dirimeret,
1141 4063 1191 4118 nisi
1204 4063 1272 4133 apud
