2722 4762
284 389 552 454 consessus
577 376 639 452 11·
663 365 997 458 noinrousnus.
1123 382 1182 485 sotj

148 521 317 585 Editionern
334 523 440 584 Mureti
461 502 849 609 155811111111111111111011111
870 527 1002 612 Heynius
1022 551 1087 590 eum
1107 533 1182 593 varia
1235 552 1240 564 ’

109 625 233 687 lectione
249 623 278 682 in
293 623 420 706 margine
432 628 492 685 Jac.
506 624 596 686 Tollii
610 648 693 687 mann
710 638 828 705 notata,
842 651 889 702 an.
903 627 996 712 1674,
1011 631 1052 690 Μ.
1067 631 1184 692 decem-

108 726 174 797 bri,
192 736 224 786 nt
236 724 266 785 in
280 723 376 785 [route
392 726 592 807 praescriptum
603 737 671 787 erat.
685 725 818 805 Triplicis
833 748 864 788 ea
878 742 938 789 erat
950 729 1073 814 generis.
1084 731 1184 792 Primo

110 826 177 887 ioco
191 847 207 885 e
219 825 341 886 Gerardi
353 824 524 910 Falcoburgi
538 826 712 912 Noviomagi
724 827 822 889 codiee
836 829 1051 912 transcripserat
1062 845 1143 893 notas
1156 845 1186 892 et
1278 892 1280 896 Α

111 927 288 1008 coniecturas
305 927 393 988 Lucae
409 924 549 1001 Froterii‚
572 947 658 1007 quem
675 925 788 988 Parisiis
808 947 846 988 22
863 928 956 989 martii
979 927 1056 990 1566
1080 931 1185 992 obiisse
1250 978 1252 980 -

111 1024 296 1086 subnotatum
316 1037 384 1085 erat.
411 1023 574 1104 Adscriptae
591 1024 680 1086 altero
703 1025 770 1088 ioco
789 1028 872 1089 variar
893 1028 1030 1091 lectiones
1050 1030 1186 1092 editionis

110 1125 262 1209 Regiensis
287 1124 383 1202 1481,
400 1127 524 1209 vulgatae
546 1129 600 1210 jam
625 1139 693 1188 sunt
712 1149 729 1188 a
747 1128 940 1190 Broukbuaio.
961 1131 1062 1192 Tertio
1084 1133 1151 1194 loeo
1169 1155 1186 1193 a

111 1225 211 1287 Toiiio
224 1225 353 1287 subtexta
366 1226 515 1287 videbator
523 1227 603 1288 varia·
609 1226 708 1302 lectio,
721 1250 805 1310 qnam
816 1250 848 1289 ex
859 1229 984 1290 editione
994 1224 1185 1293 vetustissima

109 1326 215 1403 iri-8⁰,
230 1324 361 1388 biblioth.
377 1328 472 1410 Lugd.
489 1348 519 1387 se
535 1327 715 1406 descripsisse
730 1327 790 1402 ait,
813 1327 905 1388 littera
920 1333 948 1390 K
962 1332 1109 1412 signatam.
1120 1334 1186 1392 Ve-

110 1449 176 1487 rum
190 1426 253 1488 baec
266 1426 339 1487 nihil
349 1425 427 1486 alind
443 1426 593 1489 continere
605 1426 735 1501 videtur,
753 1449 836 1510 quam
850 1449 898 1501 ea,
916 1451 979 1511 quae
989 1431 1186 1493 Brooihnsius

111 1527 188 1587 inter
200 1526 388 1587 Heinsianum
398 1539 561 1605 apparatum
571 1526 625 1587 snb
636 1526 730 1589 littera
736 1527 776 1601 V,
791 1548 826 1587 ex
835 1527 986 1606 exemplari
1000 1529 1108 1607 scripto
1121 1532 1186 1592 Sca·

112 1627 214 1712 ligeri,
231 1627 339 1688 recenti
358 1626 474 1700 codiee,
491 1626 522 1686 in
539 1628 630 1688 iucem
646 1626 744 1713 edidit.
966 1692 968 1696 ³

156 1734 201 1793 Ex
214 1732 388 1794 editionibus
404 1730 505 1814 quibus
522 1731 651 1794 virorum
668 1720 820 1795 doctorum
836 1745 916 1796 notae.
931 1734 1081 1813 adscriptae
1097 1748 1187 1810 sunt,

114 1845 220 1912 praeter
235 1855 278 1894 eas
295 1855 363 1915 quas
380 1832 512 1916 Heynios
525 1820 692 1909 enumeret,
705 1833 751 1892 hae
763 1831 846 1893 nobis
862 1831 1063 1895 innotuerunt.

160 1934 198 1992 In
207 1932 259 1996 riri
268 1933 309 1993 iii.
321 1934 355 1994 de
366 1934 446 1994 Dim
457 1931 702 2015 copiis'apparatus
714 1930 829 1994 criticus
842 1943 902 1994 erat
912 1934 944 1994 in
950 1922 1118 2007 Tibullum,
1129 1934 1186 1994 edi·

116 2033 266 2117 tionesqoe
279 2034 460 2096 Sentenianae
475 2033 676 2107 bibliothecae,
694 2034 796 2116 quibus
808 2034 922 2096 Heinsii
938 2034 1186 2118 Brouokbusiique

55 2160 63 2173 ‘
117 2139 356 2217 manuadscriptae
364 2138 1188 2212 erantobserrationesetemendationesriisdoh.H.Voss.

117 2240 149 2299 in
165 2239 291 2301 editione
309 2263 359 2300 soa
375 2261 485 2317 snpraa
502 2240 585 2301 nobis
600 2253 752 2302 memorata
766 2264 834 2303 usus
849 2253 901 2302 est.
919 2241 1080 2304 Continent
1093 2255 1189 2304 autern

117 2351 222 2423 praeter
237 2361 347 2420 eaquae
363 2351 430 2401 sunt
440 2340 569 2424 evulgata
583 2327 719 2418 abipsis‚
737 2340 809 2402 nibil
821 2339 975 2423 quidquam
994 2338 1078 2425 eujus
1090 2344 1127 2402 sit
1137 2345 1188 2404 aii·
1317 2401 1318 2409 ,

118 2439 196 2522 qnod
206 2439 339 2517 pretium.
351 2439 433 2499 idem
444 2441 473 2498 J.
484 2441 524 2499 H.
534 2440 620 2501 Voss.
632 2440 824 2525 Gryphiaoam
837 2437 965 2502 adhibuit
975 2436 1129 2505 editionem
1141 2465 1187 2503 an.

120 2536 298 2613 1561,111111
316 2537 398 2603 variis
419 2535 590 2600 lectionibus
608 2559 643 2599 ex
664 2540 730 2619 eod.
752 2551 782 2599 et
804 2540 949 2613 veiedit.
968 2541 1102 2621 Denique
1121 2564 1187 2623 quae

116 2649 225 2701 tenuta
241 2650 347 2698 etanta
360 2637 431 2700 Job.
447 2637 624 2713 Sebradero‚
643 2660 706 2718 quae
722 2659 738 2698 a
751 2640 916 2698 Burmanno
929 2641 1052 2720 majore,
1066 2638 1188 2719 diligen«

117 2738 179 2799 tius
190 2740 379 2799 aBnrmanno
390 2737 518 2799 seeundo
529 2748 652 2819 scrutata
660 2737 696 2797 ad
705 2749 813 2799 textum
822 2735 928 2811 rectius
938 2738 1188 2813 constituendum,

118 2837 156 2900 iis
171 2860 242 2900 usos
256 2850 300 2900 est
317 2839 358 2900 Η.
371 2838 501 2901 Vossius.
863 2856 864 2860 ’
926 2855 929 2859 ·
1039 2854 1040 2857 ’
