2722 4762
279 334 547 398 courcmus
575 337 635 429 nr
667 337 1002 402 communius.
1153 339 1173 422 tj

105 469 248 549 majorem.
272 493 288 520 «ι
303 467 406 527 Pinelli
421 468 561 550 exemplar
579 467 710 551 Catalog·
728 480 800 532 tom·
820 470 869 545 ΙΙ,
889 493 917 550 p.
931 466 1011 552 367,
1027 491 1056 528 n·
1074 467 1173 552 4920,

105 567 197 627 solum
214 566 413 648 Propertium,
436 565 594 628 Audilfredi
618 569 784 645 Catullum,
802 569 972 647 Tibullum,
994 569 1175 647 Propertium

34 667 36 672 ’
105 652 378 746 complectebatur.»
398 671 509 746 Nempe
524 668 711 730 Piuellianum
725 670 865 752 exemplar
881 671 1005 757 pertinet
1019 671 1053 731 ad
1069 694 1098 729 n.
1118 673 1176 731 ΙΙΙ.

105 765 351 844 Andiffredianum
366 767 401 827 ad
418 789 446 827 n.
465 769 516 828 lV.
535 798 550 822 «
565 770 608 829 At
623 769 731 831 Harles.
749 771 861 837 Notitia
880 772 951 833 Liu.
967 773 1074 849 Rom,
1089 794 1118 849 p.
1135 768 1175 831 35

106 871 164 946 (an.
183 868 293 951 1789),
309 870 394 951 bujus
408 869 476 929 edit
492 869 655 951 exemplum
671 892 700 932 se
716 871 816 933 babere
833 871 995 956 professus,
1012 873 1174 955 Catullum,
1275 901 1281 906 ’

106 967 254 1031 Tibullum
267 980 297 1028 et
312 970 492 1052 Propertium
507 969 616 1045 laudam
630 970 661 1030 in
673 971 729 1033 line
743 971 992 1055 tamenPropertii
1002 973 1174 1054 adscriptum

104 1081 243 1129 memorat
256 1051 361 1129 aunum
380 1068 467 1152 1475.
481 1095 495 1123 u
514 1071 583 1131 Nou
600 1082 712 1147 poterat
727 1072 808 1135 aliter
824 1072 946 1136 scribere
963 1073 1128 1147 Harlesius,
1146 1072 1178 1131 in

105 1168 232 1230 manibus
249 1168 353 1230 babens
368 1169 524 1230 editionem
541 1192 602 1230 uon
615 1171 681 1231 anni
700 1170 793 1252 1472,
810 1174 860 1234 sed
876 1175 944 1234 anni
962 1171 1057 1257 1475,
1075 1174 1107 1233 io
1122 1193 1177 1254 qua

105 1267 150 1329 tic
164 1290 300 1328 numerus
316 1268 491 1348 subscriptus
505 1282 548 1339 est
562 1270 725 1352 Propertio.

144 1369 193 1438 Ad
201 1369 281 1436 hanc
289 1368 446 1439 editionem
456 1371 620 1452 priusquam
631 1373 863 1456 progrediamur,
879 1373 958 1451 prius
969 1372 1088 1433 dicenda
1099 1395 1177 1454 quas·

102 1470 167 1531 dam
188 1482 257 1541 sunt
276 1470 447 1543 deTibullo
459 1514 475 1544 ,-
493 1493 538 1532 an.
562 1471 661 1551 ¹474,
687 1472 789 1537 in-lol.
806 1495 892 1557 quem
912 1473 1071 1551 interponit
1088 1473 1177 1534 lndex

103 1570 289 1650 Bipontiuus.
300 1572 396 1652 Hujus
409 1570 513 1641 indicis
524 1575 640 1645 auctori
649 1575 748 1639 nescio
762 1598 797 1638 an
809 1573 1179 1639 lucum·leceritBroukbu-
1226 1650 1229 1661 ¹

106 1674 181 1747 sius,
190 1671 306 1733 laudans
313 1671 440 1753 ejusdem
449 1673 519 1733 anni
530 1677 711 1754 Propertium
721 1678 752 1737 in
759 1676 967 1755 praebtioneet
974 1674 1101 1737 stistte
1109 1677 1180 1736 Pro

105 1772 214 1851 pertius
228 1771 362 1852 quidem,
379 1792 426 1839 an·
441 1771 534 1854 1474,
552 1797 706 1855 numquam
719 1777 835 1840 exstitit.
851 1777 909 1836 Hic
921 1775 1009 1839 nobis
1026 1773 1178 1836 commode

107 1872 141 1934 in
161 1892 258 1945 manns
270 1871 408 1939 ,incidunt
427 1872 570 1939 sehedsdae
591 1875 717 1940 Santeuii
739 1876 793 1940 sub
804 1874 899 1941 ,titulo¹
909 1897 922 1932 ι·
938 1874 1116 1937 Collectam
1141 1873 1182 1932 ad

108 1971 255 2042 mmmm
273 1971 420 2052 Propertii
432 1973 614 2051 parandam,
639 1972 741 2054 quibus
754 1974 818 2041 boc
837 1987 1036 2056 argumentum
1057 1972 1180 2034 breviter

108 2071 167 2142 sed,
177 2070 264 2140 docte
284 2081 489 2146 pertractante:
518 2099 533 2125 κ
555 2071 743 2146 Editionem,
763 2073 834 2147 ais,
847 2095 893 2147 an,
912 2068 1022 2157 1474,
1041 2083 1180 2135 memorat

108 2170 308 2240 Broukbusius
326 2169 451 2249 inpraes.
470 2194 505 2248 p„
517 2171 556 2246 5,
573 2175 655 2255 cujus
671 2172 854 2251 collationem
866 2174 980 2240 miserat
988 2173 1179 2236 Almeloree-

107 2275 193 2348 pius,
214 2271 267 2346 sed
279 2273 347 2353 ¹ejus
360 2271 435 2341 ¹amn
452 2271 529 2333 nulla
549 2283 732 2334 memoratur.
744 2313 746 2317 -
758 2275 792 2336 ln
809 2273 941 2355 estalogo
958 2284 1052 2334 sutem
1071 2272 1177 2335 biblio-

108 2374 200 2445 tlrecae
215 2371 473 2443 Almeluueenieuae
485 2371 611 2439 occurrit
621 2369 729 2445 editio,
746 2393 792 2432 an.
812 2371 904 2456 1475,
922 2384 955 2434 ut
966 2373 1043 2438 ,banc
1058 2395 1124 2434 cum
1134 2373 1180 2434 illa

109 2473 256 2542 eonlmam
272 2471 359 2534 luisse
376 2471 498 2548 opiner.w
512 2472 710 2535 Broulbusius
725 2472 896 2535 existimasse
917 2473 1046 2547 videtur,
1064 2472 1180 2534 Editio-

109 2595 199 2646 nem,
214 2594 261 2635 au.
279 2571 360 2656 v1474
370 2572 484 2646 „luisse
499 2572 679 2649 Principem
699 2572 738 2631 ait
753 2571 854 2644 euim,
880 2594 909 2652 p·
925 2572 944 2633 5
960 2570 1040 2647 praes·
1065 2599 1079 2624 α
1093 2575 1181 2655 Sym-

110 2674 189 2736 bota
204 2694 319 2756 quoque
335 2671 484 2734 nonnihil
500 2671 626 2734 eontulit
640 2672 684 2731 vir
701 2670 882 2731 Clarissimus
897 2670 1012 2730 Theod·
1023 2672 1183 2733 dansonius

111 2773 149 2837 eb
166 2773 380 2846 melonem„
395 2772 475 2837 ,beta
491 2771 646 2838 collatione
668 2768 802 2835 editionis
819 2767 956 2846 principis
974 2781 1182 2851 culn-eoquens

111 2873 233 2942 illustris
251 2874 376 2957 Scaliger
397 2872 567 2953 procurarit.
593 2871 808 2948 Saepenumero·
810 2900 859 2926 ·····
880 2867 953 2935 mibi
974 2869 1182 2951 proluitvetus

112 2973 202 3043 editio
218 2974 341 3048 Veneta,
359 2997 406 3038 nu·
424 2971 524 3058 1475,
541 2994 625 3055 quam
641 2971 748 3049 reipsa
761 2970 903 3048 comperi,
918 2970 1018 3032 nihilo
1032 2992 1095 3037 esse
1106 2971 1183 3034 inle-

112 3075 221 3134 riorem
234 3073 442 3151 manuscriptis.
459 3077 542 3137 Hanc
559 3094 637 3140 auno
653 3093 713 3135 uno
728 3070 880 3135 antecessit
894 3071 960 3144 ills,
984 3088 1123 3154 querulus
1140 3086 1184 3135 est

113 3173 356 3235 Almeloveenius.
371 3200 385 3228 s
404 3172 484 3236 Hinc
493 3173 690 3234 Broulbusius
702 3171 832 3233 Fabricio
847 3172 953 3234 erroris
964 3194 1064 3237 ansam
1074 3172 1184 3236 dedisse

113 3271 245 3346 ridetur,
262 3273 322 3334 imo
338 3274 399 3351 ipse
414 3273 613 3351 Broulbusius
633 3273 706 3335 banc
719 3294 765 3332 an.
783 3270 879 3354 1474,
903 3271 1006 3333 diserte
1020 3274 1183 3357 Principem

115 3385 199 3436 vocat
206 3373 241 3434 ad
251 3376 283 3447 I,
300 3389 326 3448 ιι
336 3415 348 3447 ,»
359 3395 387 3432 2.
400 3373 502 3435 Lectio
512 3375 600 3447 choo,
617 3396 700 3455 quam
713 3373 805 3434 laudat
815 3371 853 3447 ibi
872 3375 896 3434 1.
909 3373 1126 3449 Brouthusius,
1141 3387 1185 3436 est

114 3495 212 3536 revere
232 3495 266 3534 ex
287 3473 331 3534 ed.
358 3472 444 3556 1472.
470 3473 547 3547 Alias
567 3473 714 3536 variantes
731 3496 764 3534 ex
779 3474 824 3534 ed.
844 3474 942 3556 1472,
962 3487 1010 3535 aut
1025 3497 1060 3537 ex
1076 3475 1124 3536 ille
1139 3497 1186 3537 au.

120 3574 217 3658 1474,
234 3567 370 3635 excitatns⁴
380 3574 509 3635 nundum
525 3574 629 3641 inveni.
806 3635 811 3644 ,

156 3677 315 3737 Maittarius
327 3675 411 3735 etiam
423 3675 488 3735 anni
507 3667 602 3760 1474,
615 3675 769 3737 editionem
782 3675 877 3737 laudat
892 3676 958 3739 loco
973 3687 1003 3736 et
1016 3674 1186 3756 impressore

115 3799 177 3838 non
194 3778 343 3837 nominato
357 3796 391 3835 ex
407 3775 546 3838 Fabricio.

157 3878 240 3958 Ergo
258 3876 412 3939 Sentenius
424 3877 547 3956 primum
561 3897 597 3938 eo
612 3876 783 3949 inclinabat,
799 3890 832 3938 ut
843 3888 955 3960 putaret
966 3874 1106 3951 exemplar
1116 3875 1187 3938 illud

120 3976 328 4038 Almeloveeuii
338 3977 423 4039 luisse
432 3976 604 4050 editionem,
614 3975 766 4059 ancrdpb,
778 3975 961 4055 repertemin
972 3976 1034 4056 ejus
1046 3976 1184 4062 catalogo.
1209 3981 1213 3989 '

120 4078 192 4139 Mon
209 4075 389 4162 intelligens,
414 4077 498 4161 liujus
513 4075 647 4141 editionis
664 4077 837 4151 lectionem,
857 4077 894 4151 Ι,
913 4092 959 4151 ιι,
977 4096 1016 4152 a,
1036 4097 1098 4143 non
1110 4099 1186 4140 con-
