2722 4762
276 335 544 403 CODlClBUS
570 340 629 402 ET
657 340 992 411 EDlTlONlBUS.
1080 353 1170 436 nivii

102 466 173 527 sicut
190 467 221 527 in
238 467 476 546 Audisti-edium,
491 471 609 536 Tibullo
625 475 776 559 adjunctus
791 490 835 540 est
851 471 1019 561 Propertius
1035 502 1100 543 enm
1117 483 1169 546 bac

102 566 163 628 libri
176 566 261 645 primi
277 568 485 652 inscriptione:

221 701 330 762 sexui.
351 702 501 764 svusuu,
521 705 706 768 Pnouuuun.
726 710 799 770 Nsv

222 817 292 861 usn.
313 801 429 864 vissus.
450 802 587 865 luctatu.
609 807 714 867 Linus.
736 809 823 870 Anus

220 900 290 984 girat
309 900 357 961 uel
377 902 562 966 monobiblos
578 906 628 967 Ad
648 906 750 970 tultum

101 1024 134 1080 ¹¹¹
149 1026 230 1106 cujus
245 1024 303 1086 fine
318 1026 380 1087 baec
393 1027 500 1122 adjecta
514 1042 557 1090 est
573 1029 787 1109 subscriptios'
826 1035 832 1041 “
887 1062 888 1065 ¹

219 1151 326 1212 Sexus.
348 1154 534 1215 Pnoanutu.
552 1156 666 1227 Novus.
685 1178 693 1214 s
710 1155 803 1217 Avus

217 1267 263 1312 un
282 1275 289 1310 :
305 1251 426 1327 Pom,
450 1255 685 1317 luuvsrtusstus
701 1279 708 1316 :
726 1257 825 1318 Ltnnu

215 1350 380 1413 Examen.
403 1356 475 1416 svs.
496 1355 604 1415 Auno.
625 1356 764 1425 Doulou.
785 1358 827 1417 M.

217 1446 482 1528 cccc„txx11.'
502 1456 633 1517 utensis.
653 1443 853 1518 Faunvsmi:
907 1454 909 1460 ’

94 1560 187 1662 Equa
207 1580 417 1660 subscriptione
439 1596 578 1666 apparet,
605 1584 677 1646 banc
699 1606 761 1648 esse
782 1585 939 1650 editionem
959 1587 1058 1662 illam,
1082 1590 1163 1671 cujus

94 1681 252 1767 exemplum
269 1682 300 1743 in
318 1681 491 1768 bibliotheca
510 1683 664 1765 domestica
686 1671 812 1749 servabat
824 1685 969 1770 vulpino,
985 1687 1114 1753 scribens
1128 1689 1164 1751 de

94 1779 159 1840 Vita
172 1780 298 1857 Tibulli,
312 1805 344 1861 p.
357 1804 405 1843 ao.
422 1810 438 1853 s
454 1784 512 1845 Sed
526 1783 558 1844 in
573 1784 699 1849 editione
711 1787 839 1849 nmmum
849 1786 977 1869 principe
990 1787 1058 1848 anni
1069 1786 1165 1869 1472,

94 1882 201 1944 mensis
223 1882 369 1957 februarii,
390 1905 475 1966 quam
496 1879 713 1952 Brouckhusius
735 1886 895 1969 ignoravit,
915 1910 971 1974 ego
992 1908 1062 1951 vero
1084 1886 1166 1950 domi

94 2002 200 2056 servo,
223 1985 254 2043 iu
270 1985 344 2047 calce
360 1995 524 2063 poematum
540 1983 649 2045 Tibulli
665 1985 727 2047 bsec
740 1986 875 2071 leguntur
892 2009 899 2046 ε
919 1987 1043 2063 Albius,-
1059 2001 1163 2052 etc.··-
1201 2003 1204 2006 ’

95 2083 130 2142 ln
156 2083 208 2150 bac
230 2083 357 2146 editione
380 2082 545 2163 Propertius
568 2083 653 2144 etiam
681 2083 805 2162 prinum
830 2085 904 2169 typis
918 2076 1049 2150 'exonus
1070 2101 1123 2151 est.
1140 2116 1157 2146 s

91 2183 181 2245 Paulo
195 2184 379 2267 :frequentior
400 2195 450 2263 est
465 2185 528 2246 baec
549 2183 638 2252 editio
659 2183 853 2263 superioribus
868 2185 934 2248 ill'u.
955 2189 1082 2264 nous,
1104 2191 1161 2253 nisi

91 2282 189 2359 fallor,
208 2270 275 2347 'duo
295 2284 420 2363 exempla
438 2285 636 2364 reperiuntur,
658 2283 777 2348 atterum
800 2285 831 2346 iu
850 2281 1035 2359 Casamteusi
1049 2289 1159 2357 biblio.

89 2383 190 2460 theca,
212 2385 333 2446 alterum
354 2385 385 2445 iu
402 2384 579 2461 Cossiniana.
600 2383 674 2447 Vide
692 2384 781 2446 Catal-
804 2383 936 2455 biblioth.
952 2388 1021 2459 Nic·
1038 2381 1157 2464 Rossii,

89 2508 117 2568 p·
134 2507 169 2568 7¹
182 2484 233 2546 nbi
243 2471 434 2546 memoratur:
453 2486 581 2567 Tibullus
597 2497 628 2546 et
638 2485 800 2566 Propertius
814 2487 909 2568 1472,
921 2486 1013 2560 iu-dt
1025 2488 1158 2551 Tibullus
1228 2545 1232 2553 .

88 2585 150 2647 sine
156 2587 310 2664 Propertio
320 2585 457 2663 exstabat,
473 2584 553 2667 qnod
563 2607 646 2663 supra
654 2584 796 2660 vidimus,
809 2585 841 2644 iu
851 2584 1023 2658 bibliotheca
1031 2588 1156 2652 Veneta:

86 2684 257 2763 Propertius
273 2684 334 2746 siue
350 2683 466 2746 Tibullo
484 2683 527 2744 bis
544 2684 576 2743 in
589 2682 758 2759 Pinelliana‚
775 2704 804 2743 u.
818 2680 899 2766 4920
915 2694 944 2742 et
959 2684 1050 2768 4921.
1062 2687 1159 2747 Bero-

87 2784 143 2844 lini
155 2804 271 2866 quoque
279 2781 417 2863 exemplar
431 2783 527 2853 adosse
538 2793 657 2844 testatur
669 2781 836 2856 Huscbkius
849 2782 880 2842 in
888 2781 1070 2860 pistatione.
1082 2785 1159 2846 Nus-

87 2906 172 2967 quam
186 2896 424 2965 commemoratur
433 2883 562 2946 Catullus
573 2880 618 2943 vel
628 2878 746 2945 Tibullo
757 2881 803 2964 vel
816 2882 970 2961 Propertio
981 2882 1028 2946 vel
1042 2883 1157 2966 utrique

89 3006 185 3046 comcs
202 2984 291 3046 datus.
304 2986 345 3045 At
359 2976 449 3045 eistat
464 2994 559 3044 umen
574 2980 705 3043 Catullus
722 2980 784 3041 siue
797 2982 864 3042 anni
880 2994 911 3044 et
926 2982 983 3043 loci
995 2994 1063 3045 nota
1076 2982 1156 3045 Can-

87 3084 216 3168 tabrigiae
226 3085 257 3145 in
268 3083 383 3167 Anglia.
392 3083 489 3144 Testis
499 3094 544 3144 est
549 3080 646 3165 Scipio
656 3079 785 3144 Mstseiu
796 3082 828 3143 in
838 3083 1029 3146 Mru.Verou.
1038 3107 1065 3167 p.
1075 3084 1135 3147 205
1146 3129 1155 3159 ‚

87 3185 158 3259 ubi,
180 3206 265 3269 rgens
290 3185 325 3247 de
341 3183 447 3246 Catulli
462 3183 529 3247 loco
544 3194 677 3262 suspecto
701 3181 795 3245 Carm.
813 3180 1015 3266 va1(67)‚
1033 3181 1155 3258 33-34:

87 3287 193 3348 Flauus
206 3310 291 3369 wem
308 3287 387 3347 molli
396 3287 538 3369 percurrit
541 3283 666 3367 flumine
680 3282 793 3356 Mello,
808 3282 931 3357 tirou,
954 3284 1073 3347 Vemuoe
1088 3309 1156 3348 mo-

87 3399 129 3447 ter
151 3401 250 3449 onroto
269 3407 363 3448 mea:
389 3395 549 3468 «quanto,
577 3384 691 3465 iuquit,
716 3384 810 3444 minus
835 3381 1024 3446 baesitandum
1044 3385 1083 3447 ob
1108 3389 1154 3447 in-

87 3488 234 3550 conditum
246 3484 345 3571 elegiae
361 3486 437 3546 illius
452 3484 615 3559 distichon,
630 3504 695 3564 quae
709 3481 922 3564 corruptissima
940 3495 1000 3559 est,
1022 3505 1054 3547 ao
1069 3508 1156 3566 prop

85 3601 160 3649 terea
175 3590 206 3648 in
221 3586 349 3666 pluribus
366 3584 534 3660 codicibus,
548 3594 582 3643 ot
596 3581 627 3642 in
641 3581 784 3645 Vaticanis
800 3582 912 3657 tribus,
935 3584 1055 3647 minime
1070 3607 1155 3646 com·

86 3700 185 3769 peret,
203 3708 257 3751 nec
273 3689 304 3747 in
319 3686 446 3748 editione
462 3685 524 3747 sine
540 3703 616 3744 anno
632 3695 662 3743 et
682 3683 766 3755 loco,
786 3705 869 3764 quam
887 3684 918 3744 in
936 3685 1154 3766 cantabrigensi

86 3788 238 3851 Academia
246 3786 325 3862 vidi,
336 3800 366 3850 et
376 3787 504 3850 omnium
514 3782 771 3868 primamjndieavi.
782 3808 798 3836 ‚,
808 3783 973 3845 Huscblius
983 3786 1044 3847 bec
1055 3784 1151 3880 Malloi

85 3887 166 3951 verba
180 3887 307 3949 referens
316 3886 395 3949 addit
406 3907 413 3945 ε
426 3888 583 3961 Quamnam
594 3883 666 3944 banc
675 3882 831 3944 editionem
843 3905 904 3946 esse
916 3884 1022 3955 dimus,
1037 3895 1066 3946 et
1076 3885 1153 3948 unde

86 3987 191 4051 domo?
209 3988 298 4051 Certe
312 3997 431 4048 nonest
447 3986 554 4044 Veneta
569 3981 701 4066 princeps
717 4005 763 4046 an.
784 3985 871 4067 1472.
889 3985 925 4042 ln
940 3983 992 4043 bac
1007 3983 1103 4058 euim,
1121 3999 1154 4047 ut

86 4088 117 4146 iu
131 4087 268 4169 reliquis,
288 4085 378 4169 elegia
392 4083 439 4145 illa
455 4094 553 4145 exstat.
571 4081 663 4165 Igitur
678 4082 814 4145 affirmare
827 4081 937 4155 audeo,
955 4083 1057 4145 servari
1073 4084 1154 4147 can-

85 4188 214 4272 tubrigiae
234 4186 400 4264 Catullum,
418 4184 467 4245 diu
483 4180 587 4246 frustra
603 4183 773 4265 quissimus,
786 4183 822 4245 ad
837 4180 991 4245 editionem
1008 4183 1156 4248 Andiilre-
