2828 4762
289 310 612 379 ELEGIARUM
639 313 736 379 LIB.
765 314 794 380 I.
822 314 971 384 ELEG.
1001 319 1052 385 II.

190 453 274 525 Mox
292 450 373 538 tibi;
391 479 457 524 non
474 450 532 524 uni
549 451 657 526 saeviet
672 480 776 554 usque
795 452 884 528 deus.

140 565 220 638 Vidi
236 593 299 661 ego
321 565 379 665 qui
393 565 548 663 juvenum
564 565 702 639 miseros
716 565 850 642 lusisset
865 596 1008 658 amores,

192 681 274 754 Post
292 680 430 754 Veneris
447 679 562 754 vinclis
575 681 719 757 subdere
737 681 819 756 colla
837 712 966 774 senem,

142 798 190 870 Et
207 795 272 870 sibi
289 794 467 870 blanditias
486 794 621 870 tremula
638 825 834 899 componere
850 828 948 890 voce,

192 915 238 986 Et
252 912 405 987 manibus
423 940 518 986 canas
534 912 656 1010 lingere
674 914 754 990 velle
767 942 895 1005 comas;

142 1027 236 1101 Stare
253 1055 313 1101 nec
330 1046 405 1103 ante
418 1027 505 1103 iores
519 1028 658 1129 puduit,
676 1058 793 1105 carave
807 1030 925 1131 puellae

192 1141 357 1216 Ancillam
376 1141 485 1216 medio
503 1143 679 1219 detinuisse
694 1146 778 1219 soro.

143 1262 246 1334 Hune
259 1289 357 1361 puer,
376 1261 464 1335 hunc
479 1261 607 1359 juvenis
626 1263 723 1336 turba
742 1256 1045 1359 circumteritlarta,

194 1377 339 1476 Despuit
356 1376 390 1448 in
406 1374 524 1452 molles
542 1395 574 1450 et
590 1377 656 1452 sibi
672 1378 812 1480 quisque
830 1362 946 1455 sinus.¹

1157 321 1195 386 31

1166 498 1200 551 90

143 1572 199 1626 viet
219 1592 300 1642 usque
319 1572 401 1639 deus,
424 1595 438 1620 s
457 1573 567 1627 omnino
584 1574 658 1642 seii-⁸
699 1577 753 1646 geri
761 1575 1074 1636 emendationem.»Nos
1082 1576 1205 1630 verovul·

145 1648 271 1717 ciendus,
291 1649 357 1703 nihil
375 1650 448 1703 enim
459 1649 507 1704 hac
519 1650 652 1720 iuterpre-
699 1654 944 1724 gatamscripturam
950 1671 1100 1722 sequamur,
1107 1672 1158 1722 qua
1169 1653 1207 1705 ni·

146 1727 246 1780 tutione
266 1726 413 1797 languidius
432 1728 543 1780 inveniri
557 1737 650 1798 potest.
699 1730 736 1783 hil
744 1730 843 1785 facilius
850 1730 975 1801 procedit.
982 1732 1064 1784 Poeta
1076 1731 1148 1783 eninr
1161 1749 1205 1783 eos

146 1805 262 1874 Scaliger
275 1823 365 1859 veram
379 1804 477 1857 Tibulli
493 1804 652 1858 sententiam
700 1809 1206 1878 maximevituperatquijuveues,amon·

145 1883 318 1938 subodoratus
325 1893 378 1945 est;
387 1884 473 1937 locum
487 1884 652 1937 enimsicin-
700 1886 767 1938 tium
779 1887 845 1939 strala
857 1885 985 1950 irrident;
1002 1886 1123 1954 idemque
1136 1887 1204 1940 uati·

147 1973 319 2030 terpretatur,
330 1983 343 2008 α
355 1961 454 2015 Caveto
463 1961 588 2026 Moxstbi,
596 1980 651 2030 ¹nou
702 1961 804 2016 ciuatur
811 1963 914 2027 lore‚ut
923 1981 997 2016 serres
1004 1962 1084 2016 iidem
1093 1963 1207 2032 aliquan·

146 2057 217 2091 uuus
229 2039 315 2093 serviet
332 2056 413 2107 usque
433 2036 512 2102 deus,
530 2057 543 2082 »
556 2036 650 2101 idest,
702 2041 737 2094 do
754 2040 866 2094 Veneris
879 2041 941 2110 jugo
958 2038 1023 2093 colla
1043 2041 1207 2094 submittant.

148 2139 163 2162 «
177 2118 238 2170 Non
247 2136 351 2171 unusac
360 2134 464 2184 semper
474 2115 522 2168 sibi
531 2125 653 2168 constans
701 2117 1205 2188 ludenenimidemesthoclocoquarn
1252 2112 1258 2120 ⁴

148 2198 200 2251 erit
209 2196 249 2250 ille
261 2196 341 2263 deus,
355 2215 442 2264 neque
453 2195 480 2247 in
489 2195 597 2248 unicum
609 2212 652 2247 me
701 2197 1057 2270 irritemtteyniusjuveaum
1063 2218 1208 2253 amomac-

147 2277 243 2330 saeviet.
256 2273 437 2339 »Huschkiuq
445 2272 516 2326 nulla
525 2273 652 2325 librorum
702 2274 753 2328 tire
771 2273 925 2343 explicavit;
947 2291 1042 2342 nempe
1063 2274 1156 2343 quibus
1177 2276 1206 2328 in

148 2354 300 2408 auctoritate
310 2352 408 2417 fretus,
422 2351 501 2404 verba
512 2370 561 2403 nou
572 2369 654 2404 vanus
701 2349 799 2420 puellas
805 2350 1208 2419 serunturtquocircsSantenius

149 2432 218 2504 quod
231 2431 349 2502 plurimis
362 2429 443 2491 inest,
457 2429 486 2481 in
497 2449 547 2481 uon
558 2447 654 2481 vacum
701 2430 775 2482 illum
784 2448 923 2499 perperam
934 2429 1122 2499 reprehendit;
1134 2433 1211 2498 quasi

149 2511 287 2574 immutat,
305 2508 405 2576 sibique
428 2506 559 2575 Propertii
578 2502 660 2559 disti?

149 2588 216 2643 chon
227 2588 309 2641 tulero
314 2587 403 2652 sumit,
413 2585 484 2654 quasi
493 2603 586 2637 omnes
594 2603 653 2654 poe·

150 2679 183 2721 tte
197 2667 288 2721 iisdem
298 2665 383 2718 verbis
402 2664 441 2715 usi
458 2671 557 2723 essem,
579 2679 652 2714 more

150 2749 254 2814 orium,
270 2763 329 2815 quas
341 2763 394 2797 uua
405 2751 463 2812 post
474 2741 598 2806 alteram,
616 2739 655 2791 ri-

151 2846 214 2881 vum
229 2825 352 2880 eumdem
363 2864 371 2892 ,
387 2822 481 2877 eodem
491 2821 600 2889 vestigio
611 2821 655 2872 in-

151 2905 225 2970 nixa,
234 2902 388 2957 transiliunt.
398 2901 453 2954 Nos
464 2898 602 2952 lectionem
611 2900 659 2950 aai

151 3004 182 3038 ex
192 2982 368 3038 vetustissimis
376 2978 476 3033 Perreii
484 2975 609 3045 excerptis
616 2995 655 3028 re·

152 3060 315 3122 vocavimus,
336 3054 506 3125 probantibus
524 3054 561 3106 H.
579 3055 654 3106 Voss.

151 3138 247 3191 Bauer.
253 3132 446 3188 Wunderlieb.
455 3143 482 3186 et
488 3131 567 3185 Bach.
577 3130 655 3184 Codi-

152 3237 194 3271 ces
208 3216 263 3269 sere
273 3233 365 3268 omnes
376 3232 459 3266 uanas
466 3211 507 3265 vel
514 3231 579 3263 aras
588 3210 658 3264 exhi·

151 3295 232 3361 bent,
244 3291 290 3347 sed
309 3310 375 3345 naas
385 3310 400 3344 e
411 3289 546 3357 scriptura
557 3287 655 3341 mendo

152 3383 243 3427 uatum
260 3371 365 3424 ridetur
378 3388 385 3422 ε
399 3367 498 3421 setim
514 3365 656 3421 adhaeret

151 3472 182 3506 ex
192 3451 312 3522 sequenti
322 3466 384 3503 vore
394 3487 401 3516 ‚
413 3458 472 3500 tum
479 3444 616 3500 usistaeite
626 3445 655 3498 in

151 3549 215 3583 anas
222 3538 363 3582 mutatum.

166 3624 207 3677 qs.
217 3609 353 3672 Viiiego...
361 3614 409 3656 etr„
417 3600 531 3669 Scaliger
537 3600 657 3653 immuta·

150 3685 187 3738 vit
195 3685 263 3738 haue
273 3683 417 3754 genuinam
424 3680 564 3734 lectionem
573 3720 582 3747 ,
592 3679 658 3733 scri-

152 3763 253 3832 psitque
268 3784 281 3808 s
295 3760 359 3814 Vidi
370 3779 419 3831 ego
426 3760 604 3829 quijuveuem
615 3777 658 3811 se·

153 3861 194 3895 ros
202 3841 309 3896 desisset
316 3857 425 3894 amores.
435 3838 510 3893 »Sed
520 3839 657 3907 coniectu-

155 3939 210 3973 ram
219 3922 301 3975 textui
308 3918 450 3974 obtrudere
459 3938 514 3972 non
525 3936 602 3971 ansus
611 3925 659 3969 est.
685 3983 687 3985 g

156 3998 286 4053 Broueklt.
295 3998 367 4068 quasi
377 4001 495 4053 intonetur
502 4035 510 4062 ,
517 3993 658 4048 exclamat:

158 4098 172 4152 ἦ
188 4076 248 4131 Non
259 4095 363 4146 possum
379 4094 434 4130 nan
445 4072 567 4144 amplecti
577 4070 661 4126 Scali-

360 4300 372 4371 l

702 2507 728 2559 id
736 2515 859 2575 argentea
865 2518 932 2560 esset
939 2510 1083 2559 latinitatis.
1094 2505 1204 2559 Santen.

703 2584 745 2638 hic
759 2592 921 2660 resipuerint
933 2583 1121 2651 subintelligit,
1134 2594 1160 2636 et
1171 2584 1208 2638 sic

703 2661 770 2714 banc
790 2661 996 2714 venustissimam
1017 2660 1135 2740 iilegiam
1154 2660 1208 2712 soe-

703 2741 768 2792 dum
780 2740 807 2792 in
820 2737 929 2791 modum
938 2736 1106 2791 contaminat.

735 2819 776 2891 93.
790 2819 827 2869 Et
834 2818 885 2869 sibi
898 2818 1036 2869 blanditias
1048 2823 1096 2868 etc.
1111 2813 1209 2869 Secum

703 2892 877 2964 premeditari
895 2910 1029 2945 sermones
1047 2891 1208 2960 amatorios,

704 2971 798 3041 quibus
809 2970 929 3023 animum
941 2968 1033 3039 puellae
1047 2969 1209 3038 aggredere-

703 3057 765 3100 tur:
777 3049 813 3102 ita
822 3066 926 3117 quoque
934 3045 1053 3116 Vulpius
1065 3047 1126 3100 Nou
1139 3046 1207 3100 bene

703 3127 835 3183 Brouclb.
847 3126 879 3180 de
895 3126 990 3196 Elegiis
1001 3125 1131 3179 amatoriis
1142 3126 1210 3179 acci-

702 3209 748 3277 pit.
759 3209 852 3261 Herus.

736 3288 776 3358 qi.
793 3288 870 3339 Velle.
884 3283 1013 3338 Brouckb.
1026 3293 1053 3337 et
1064 3284 1210 3356 Heyneri·

704 3362 810 3415 stimant
818 3360 950 3414 abundare
963 3358 1078 3414 hocloco
1090 3367 1115 3415 ri
1127 3365 1206 3424 aelle,

704 3438 749 3492 sed
762 3459 907 3509 perperam.
918 3438 1006 3493 Senex
1017 3440 1088 3492 enim
1103 3439 1151 3491 etsi
1162 3456 1209 3491 co-

657 3542 660 3551 ’
704 3537 760 3572 mas
771 3516 871 3588 lingere
883 3519 955 3583 vult,
965 3536 1019 3570 non
1035 3527 1127 3587 potest.

737 3589 1209 3669 97.Ce'rcamterit.lnquibusdamcod.

705 3671 799 3741 legitur
809 3679 982 3735 circumstetit,
996 3673 1023 3724 iu
1036 3672 1090 3724 aliis
1103 3674 1211 3722 circum-

704 3758 778 3806 teait.
795 3752 910 3821 Scaliger
927 3770 959 3805 ex
970 3749 1077 3818 ingenio
1099 3751 1211 3799 cium-

705 3837 795 3900 strepet
809 3832 933 3902 reposuit.
948 3834 1122 3884 Cr'rcaarteme
1139 3825 1211 3880 idem

707 3922 745 3966 est
756 3910 826 3982 quod
834 3928 959 3980 pumero,
974 3925 1066 3974 urgere.

739 3992 779 4064 98.
789 3992 933 4056 Despartiu
944 3997 993 4040 ete.
1004 3984 1097 4038 Nescio
1104 3983 1213 4054 quoirn-

706 4067 828 4122 mutandi
844 4063 974 4128 desiderio
986 4074 1076 4132 captus
1092 4062 1128 4116 H.
1138 4064 1212 4116 Voss.
