2828 4762
195 327 262 411 cviij
407 327 698 389 ELEGIARUM
728 327 1046 390 ARGUMENTA.

195 458 357 538 pervenerit
373 470 406 519 ut
427 459 512 523 etiam
529 460 592 521 sine
607 458 689 521 Delia
702 458 796 523 virere
811 472 931 538 posset,
952 480 1036 542 quam
1051 459 1147 544 (eleg.
1162 477 1209 536 11,
1225 479 1263 534 v,

196 575 250 635 vt,
269 558 318 620 lib.
333 562 369 638 l)
388 559 505 633 denuo,
528 559 595 620 lieet
611 571 744 641 nuptam,
764 559 795 618 in
813 559 920 621 deliciis
938 560 1055 637 babuit,
1069 582 1131 622 nou
1147 559 1265 642 juvenili

194 656 312 738 quidem
328 669 357 720 et
372 680 447 735 puro
466 658 548 743 igni,
574 659 624 720 sed
637 657 794 720 libidinoso
809 670 840 720 et
859 657 981 735 lascivo;
995 658 1086 736 puella
1101 660 1156 741 jam
1169 659 1265 738 plures

195 754 378 816 admittente:
393 756 445 814 illu
458 756 570 836 quidem
585 760 644 815 tum
660 756 750 815 mutu
765 766 877 834 negut...
889 758 931 815 sic
944 757 1030 816 edum
1043 755 1123 814 deme
1131 764 1269 836 pernegat

195 878 285 938 resque
294 857 365 919 viru.
382 857 465 918 Hanc
477 855 596 942 elegiam
608 878 672 918 cum
683 866 759 916 sexta
772 856 880 936 quintae
890 856 1030 939 praefigas.

405 1165 634 1274 LIBER
669 1166 1057 1294 QUARTUS.

592 1374 881 1404 *⁶⁶-

287 1521 518 1596 cauneu
543 1520 768 1594 emulum
794 1521 848 1593 ut
874 1521 1177 1594 Messanam
1267 1484 1270 1492 ’

237 1694 366 1756 Primum
383 1705 498 1756 excusat
516 1692 681 1756 tenuitatem
698 1694 807 1780 ingenii
826 1695 880 1756 sui.
906 1695 980 1757 Inde
1001 1695 1112 1758 laudem
1126 1695 1272 1758 orditura

195 1798 336 1860 virtutum
356 1795 580 1879 praedicatione,
602 1816 671 1878 quas
685 1795 717 1855 in
741 1808 895 1859 castrenses
912 1810 942 1858 et
962 1797 1090 1860 forenses
1114 1797 1267 1880 dispescit:

197 1894 693 1979 eomparatbtessalamcumUlysse3
703 1896 784 1979 cujus
793 1896 941 1958 mentione
950 1895 1195 1975 lacta,inerrores
1205 1898 1270 1976 ejus

196 2008 337 2080 evagatur.
354 1996 593 2059 Commemoratis
605 2008 703 2079 postca
713 1996 844 2080 populis,
855 2019 892 2060 ex
905 1997 1008 2080 quibus
1018 1998 1179 2076 triumphos
1192 1995 1270 2056 babi-

196 2110 279 2157 turus
292 2107 366 2159 esset
380 2096 516 2169 Messala,
531 2095 632 2157 incidit
645 2108 730 2175 poeta
744 2096 775 2156 in
792 2097 1013 2180 descriptionem
1027 2097 1105 2160 orbis
1120 2110 1268 2158 terrarum.

197 2197 331 2278 Denique
345 2195 488 2258 addictum
503 2197 632 2262 Monta
648 2221 679 2259 se
692 2198 844 2275 profitetur
859 2199 891 2261 iu
908 2211 1086 2281 perpetuum.
1111 2199 1145 2259 Si
1159 2219 1267 2280 quaeras

198 2318 257 2382 quo
268 2307 399 2377 tempore
409 2296 467 2357 hoe
475 2316 586 2356 mrmen
594 2295 740 2378 scripserit
751 2296 898 2374 Tibullus,
908 2296 1267 2381 respondebo,rsurrquum.

576 2478 892 2554 CARMENIL

240 2651 393 2736 Sulpiciam
403 2651 515 2726 laudat,
527 2652 746 2730 pulcherrimam
758 2663 787 2714 et
796 2652 1027 2736 jucundissimam
1037 2653 1175 2736 puellam,
1186 2677 1270 2737 quam

200 2753 357 2815 Cerinthus
375 2751 537 2835 deperibat,
556 2764 657 2813 mutuo
673 2774 769 2814 amore
783 2751 891 2814 bueus.
909 2754 1030 2814 Martem
1044 2754 1163 2816 advocat
1175 2755 1269 2837 ipsum

200 2867 233 2916 ut
244 2853 320 2913 illam
334 2853 429 2916 mirari
438 2852 531 2930 possit
540 2850 670 2913 kalendas
685 2851 800 2913 Mutius
811 2851 846 2912 de
859 2873 939 2915 more
950 2852 1153 2928 celebrantem
1170 2866 1269 2937 postea

201 2963 268 3019 vota
282 2949 399 3031 suscipit
413 2972 467 3032 pro
482 2951 566 3034 bujus
580 2948 647 3013 festi
660 2949 735 3012 leliei
748 2950 851 3014 reditu.

574 3137 911 3212 CARMENIH.

242 3313 382 3390 Queritur
397 3310 541 3393 Sulpicia,
560 3311 667 3371 Tibulli
687 3323 720 3372 ut
732 3312 838 3394 opinor
852 3312 963 3389 verbis,
980 3312 1020 3377 ob
1035 3314 1207 3377 Cerintbum
1221 3336 1267 3378 ee-

202 3412 313 3476 nationi
323 3410 467 3484 deditum3
479 3409 559 3472 huuc
569 3410 600 3470 in
611 3423 757 3489 posterum
768 3412 848 3494 sequi
859 3413 920 3474 vult
929 3414 965 3474 ad
975 3436 1064 3476 casses
1074 3427 1104 3478 et
1114 3436 1165 3497 per
1174 3415 1271 3478 sileas.

201 3514 311 3599 Elegiae
321 3533 385 3594 qum
394 3509 565 3571 Cerinthnm
575 3522 604 3571 et
614 3510 768 3593 Sulpiciam
778 3525 918 3594 spectant,
929 3526 1001 3576 tunc
1008 3516 1146 3598 temporis
1156 3515 1272 3594 seriptae

201 3616 352 3688 videntur,
365 3632 453 3692 quum
464 3610 598 3672 Tibullus
609 3632 706 3672 amore
719 3611 749 3671 in
760 3612 871 3675 Deliam
882 3612 1032 3692 liberatus,
1043 3614 1181 3678 Nemesin
1192 3636 1270 3677 uon·

206 3717 273 3777 dum
290 3724 418 3778 noverat.

572 3818 922 3899 CARMENlVs

238 3984 371 4049 Tibullus
384 3985 443 4046 suis
458 3982 546 4066 ipsius
560 3981 653 4045 verbis
667 4005 753 4059 usus,
767 3984 895 4068 nulliqoe
909 3985 1050 4048 sublatens
1060 3983 1128 4046 ficto
1140 3983 1270 4061 nomini,

199 4084 340 4152 Phoebum
352 4085 486 4159 advocat,
498 4095 531 4144 ut
540 4083 692 4164 egrotanti
703 4081 805 4165 puellae
814 4087 938 4148 medicas
949 4086 1072 4169 applicet
1083 4106 1185 4146 maures
1196 4106 1206 4144 .·
1217 4107 1268 4148 so·

196 4188 269 4253 latur
285 4184 386 4246 deinde
401 4183 574 4246 Cerintbons
588 4195 752 4246 amatorem.
