2828 4762
209 322 252 388 3ο
532 321 683 389 ALBII
715 321 942 389 TIBULLI

208 463 297 534 Num
313 459 401 531 seror
418 459 562 532 incestus
579 459 671 534 sedes
687 458 806 533 adiisse
822 459 974 548 deorum,

257 576 414 675 Sertaque
433 574 472 647 de
491 574 612 648 sanetis
629 573 810 675 deripuisse
827 574 938 648 sucis?

208 689 284 762 Non
300 718 378 784 ego,
397 689 424 762 si
442 688 565 781 merui,
584 687 731 761 dubitem
746 688 964 788 procumbere
982 687 1130 788 templis,
1235 713 1268 767 85

256 803 301 873 Et
320 787 552 901 ‹la1·elsaui¹atisl
563 790 678 875 oscula
690 789 881 873 liminibus:

208 920 287 991 Non
305 944 366 1013 ego
384 896 532 991 tellurem
548 902 688 1012 genibus
703 879 875 1018 perreplere
895 913 1052 1016 supplex,

258 1037 303 1106 Et
319 1035 471 1121 miserum
485 1051 601 1119 sancto
615 1032 752 1107 tundere
769 1050 867 1132 poste
883 1049 991 1130 caput.

210 1153 258 1224 tlt
275 1169 332 1240 tu,
350 1152 407 1252 qui
425 1150 519 1227 lutus
535 1151 623 1224 rides
638 1148 867 1237 mala‘nostra,
886 1165 997 1234 cdveto

209 1339 343 1409 epitheton
351 1359 445 1407 magea
451 1339 548 1408 ubique
560 1341 660 1393 Veneri
671 1339 714 1393 da·
763 1342 807 1391 vel
817 1340 930 1391 deorsum
939 1356 994 1390 cerm
1003 1343 1131 1407 virapere.
1142 1337 1267 1407 Plautus,

209 1417 464 1485 tumeseeitlagnum
473 1421 572 1470 verbum
581 1429 647 1470 esset
653 1437 714 1470 ver·
763 1415 834 1470 Rud.
850 1426 898 1469 act.
911 1416 952 1469 lll
962 1455 969 1482 ,
981 1433 1014 1468 sc..
1024 1432 1075 1481 111,
1088 1435 1123 1469 vs.
1137 1421 1159 1470 5.
1172 1419 1213 1469 De
1222 1437 1270 1470 ara

209 1493 272 1547 burn
284 1495 434 1564 superbum.
761 1497 870 1562 derepere
879 1523 912 1535 -
921 1495 963 1548 De
971 1497 1163 1565 permutatione
1175 1498 1270 1551 verbo-

242 1573 282 1626 83.
302 1576 369 1625 Num
382 1571 455 1638 βων
468 1576 580 1624 incestus
594 1581 644 1624 etc.
663 1574 714 1641 lp·
761 1592 822 1625 rum
831 1574 1269 1641 derrjeereetdiriperevideBrouclr.
1316 1612 1320 1619 ,

209 1668 267 1702 sum
284 1651 384 1703 crimen
398 1649 530 1718 religionis
550 1648 651 1702 violatae
671 1655 714 1702 irr-
762 1650 795 1703 ad
810 1661 946 1718 nostrum,
967 1652 1059 1705 Heius.
1070 1651 1101 1704 ad
1111 1650 1191 1705 Ovid.
1202 1653 1270 1706 Met.

209 1740 302 1783 cerium
316 1731 417 1783 vocavit
428 1728 538 1791 Cicero;
553 1728 599 1782 sed
610 1729 660 1783 boc
675 1730 712 1783 lo·
762 1728 805 1781 lib.
817 1729 859 1783 lll
872 1769 880 1794 ,
895 1730 995 1782 SaFea
1004 1728 1036 1782 ad
1049 1731 1143 1783 Horat.
1152 1730 1204 1796 lV,
1214 1728 1269 1784 Od.

207 1826 239 1860 eo
258 1806 413 1860 vocabulum
436 1807 510 1860 aliter
530 1807 714 1861 intellexerim.
762 1824 813 1875 xv,
827 1827 892 1862 vers.
910 1828 934 1880 p
950 1809 986 1862 Et
997 1811 1107 1864 omnino
1119 1810 1151 1864 de
1168 1810 1268 1882 syllabis

208 1887 290 1941 Poeta
302 1906 335 1940 ne
346 1886 534 1955 interrogando
543 1886 650 1956 quidem
661 1905 713 1940 sce·
763 1891 795 1941 de
805 1898 832 1942 et
843 1892 874 1942 di
883 1887 910 1941 in
923 1891 1069 1959 compositis
1080 1910 1146 1960 sepe
1158 1890 1269 1960 permix-

209 1964 248 2017 lus
256 1983 304 2017 ase
316 1963 486 2017 commissum
500 1963 640 2034 significan
652 1964 714 2017 nul·
762 1966 811 2031 tis,
822 1966 874 2019 vid.
888 1967 1037 2020 Draclenb.
1049 1967 1081 2020 ad
1101 1969 1212 2021 Livium.
1224 1966 1268 2020 lib.

206 2040 344 2094 lamaliam
355 2040 450 2096 divinae
461 2043 507 2095 irae
515 2060 617 2095 cansam
625 2052 712 2110 putat,
766 2044 835 2107 Vll,
848 2063 913 2096 vers.
926 2044 966 2096 23.
978 2045 1015 2096 tt.

211 2137 289 2186 quarn
305 2118 375 2188 quod
391 2121 423 2173 ab
435 2119 489 2173 aliis
502 2119 535 2174 sit
548 2119 714 2173 obtrectatus.
794 2122 833 2174 86.
848 2124 886 2173 Ei
894 2125 1080 2174 daresacraiis.
1092 2121 1184 2175 Ritum
1197 2122 1268 2176 bunc

207 2195 349 2249 Nouenim
363 2197 441 2250 dixit:
457 2217 515 2250 nese
531 2201 602 2249 sedes
615 2199 715 2249 deorum
761 2199 867 2269 pulcbre
885 2200 1022 2253 illustrarit
1045 2200 1163 2268 Lipsius,
1184 2200 1267 2254 Elect.

207 2278 274 2337 adii,·
284 2274 329 2327 sed
340 2285 443 2328 tantum
450 2296 508 2328 nure
516 2279 613 2328 adiisse
615 2274 714 2342 seror?
761 2278 803 2331 lib.
818 2278 859 2341 ll,
875 2296 930 2345 cap.
948 2278 971 2330 6.
988 2274 1040 2329 Cui
1059 2276 1125 2330 adde
1146 2277 1267 2331 Doueam

228 2353 266 2419 ⁸⁴·
275 2355 416 2422 Sertaque...
428 2358 570 2421 deripuisse.
578 2358 652 2408 Voss.
659 2352 715 2405 rul-
762 2354 906 2409 Praecidan.
921 2373 975 2424 cap.
989 2375 1021 2420 a,
1034 2374 1098 2423 quos
1111 2374 1161 2409 nec
1173 2355 1268 2408 nomi-

206 2441 296 2498 gaturn
307 2433 438 2497 diripuisse
451 2432 479 2484 in
492 2440 593 2484 textum
610 2448 713 2484 revoca·
760 2443 834 2486 natos
845 2431 975 2500 exscripsit
983 2431 1092 2486 Martin.
1105 2431 1203 2503 Kerup.
1214 2433 1269 2487 dis-

208 2509 252 2560 vit.
260 2509 410 2563 Baeb.eum
417 2519 520 2564 secutus
527 2520 575 2576 est,
582 2520 609 2562 et
617 2510 715 2578 pariter
759 2520 821 2564 sert.
831 2526 890 2574 vn,
903 2509 936 2562 de
945 2510 1053 2576 osculis,
1066 2530 1122 2580 cap.
1135 2513 1175 2564 23.
1195 2511 1225 2564 B.

207 2587 302 2642 Bauer.
311 2587 506 2641 contradicente
516 2587 660 2655 Huscbkio,
669 2589 714 2656 qui
796 2588 836 2655 87.
848 2585 1021 2653 Gebbardus,
1039 2590 1164 2656 quoniam
1174 2589 1201 2641 in
1215 2589 1270 2658 pri-

208 2664 283 2734 plura
293 2666 409 2735 exempla
420 2690 458 2721 eeu
469 2669 579 2733 deripere
593 2665 715 2719 ostendit.
762 2683 809 2718 mo
822 2665 944 2719 Palatino
952 2675 1088 2743 prpterrere
1100 2676 1169 2731 erat,
1183 2685 1271 2719 emen·

208 2744 304 2797 -Viri
315 2745 438 2814 quidam,
450 2758 500 2799 nec
509 2745 527 2797 ii
538 2744 712 2815 despiciendi,
761 2743 833 2796 davit
844 2743 922 2797 unico
931 2743 1064 2797 elemento
1072 2745 1212 2797 immutato
1222 2783 1229 2811 ,
1241 2744 1270 2796 in

210 2820 419 2876 docentverbum
425 2827 714 2893 diriperesempermur·
755 2841 900 2887 prorerrere.
910 2823 1009 2875 Probat
1020 2821 1087 2876 hanc
1095 2842 1169 2876 suam
1180 2842 1271 2876 emen·

212 2899 266 2968 pari
282 2900 315 2953 de
326 2902 401 2956 rebus
411 2921 469 2971 qun
481 2901 607 2955 minutim
618 2901 714 2954 distra-
764 2899 1269 2971 dationemlocisaliquoteliorumscrip

209 2977 328 3045 bantur,
350 2980 391 3032 vel
413 2979 608 3042 dilaoerentur3
632 2979 713 3033 iidem
760 2988 865 3043 torum,
894 2978 939 3031 ubi
963 2978 1086 3032 mulieres
1104 2979 1268 3033 inducuntur

207 3066 311 3122 contra,
322 3061 430 3124 deripere
438 3070 588 3127 reponunt,
599 3059 644 3111 ubi
656 3077 713 3111 sen·
759 3075 815 3109 aras
821 3067 898 3125 atque
904 3056 1016 3109 humum
1022 3056 1270 3113 crinibussuiserer·

207 3153 249 3186 sus
260 3146 314 3198 est,
327 3138 358 3187 de
369 3139 424 3188 Ioco
435 3155 490 3189 cuer
502 3142 531 3189 vi
543 3155 648 3197 morere,
665 3155 714 3188 me-
759 3143 855 3187 rentes.
867 3132 934 3185 Eam
946 3133 974 3186 in
986 3153 1044 3187 reru
1057 3135 1110 3203 apti
1125 3146 1201 3189 erant
1210 3135 1267 3190 cri-

199 3210 275 3278 serre.
295 3211 348 3265 Sed
367 3216 408 3265 dis
419 3224 446 3265 et
457 3217 488 3266 di
497 3253 505 3279 ,
521 3233 572 3282 qua
587 3213 712 3283 opinione
760 3230 808 3264 nes
824 3209 983 3277 muliebres,
1002 3211 1073 3282 longi
1092 3231 1121 3265 ac
1134 3210 1266 3282 promissi,
1342 3240 1345 3249 ·

208 3309 343 3355 summor
356 3291 441 3345 solum
452 3293 559 3362 alicujus
570 3295 608 3346 rei
621 3294 648 3346 in
658 3293 714 3344 mi·
761 3307 816 3343 non
831 3308 894 3342 vero
905 3308 998 3359 genua.

211 3379 289 3421 nutas
309 3379 394 3437 partes
413 3369 627 3424 dilacerationem
643 3369 715 3424 indi·
794 3367 834 3439 Bp
848 3369 939 3428 Aite,
957 3370 1089 3435 peilatus.
1102 3367 1200 3422 Sensus
1211 3378 1270 3423 est:

207 3456 286 3510 eant,
309 3466 401 3499 rerum
424 3449 503 3501 etiam
522 3450 714 3519 separationem
762 3447 849 3499 Amor
855 3463 911 3497 non
922 3445 968 3497 uni
979 3445 1060 3511 mibi,
1071 3445 1116 3499 sed
1128 3457 1156 3501 et
1166 3447 1213 3500 tibi
1221 3465 1268 3501 see-

208 3525 239 3578 ab
258 3523 306 3577 alia
327 3543 363 3576 re.
378 3524 488 3578 Locutio
505 3530 602 3580 detersit
611 3531 715 3579 cometes
761 3522 991 3590 viet,quamvisme
998 3524 1147 3578 nunclaetus
1154 3523 1268 3578 irrideas.

207 3601 286 3654 modo
300 3601 428 3670 significat
441 3608 544 3664 caerites
558 3609 585 3656 irs
602 3607 715 3655 diversas
761 3599 878 3652 Brouck.
886 3601 1032 3653 carminum
1044 3601 1268 3656 immensamcon-

203 3690 290 3747 parter
300 3680 470 3747 aie'rejrrssr'i5
480 3679 575 3745 modot,
587 3684 715 3732 comitere
761 3678 828 3747 gerit
838 3677 937 3730 molem
948 3689 978 3731 ut
989 3679 1063 3734 nobis
1071 3696 1221 3749 persuasum
1228 3678 1267 3729 la·

208 3775 236 3811 se
246 3762 300 3823 ipso
311 3762 418 3811 remorii.
428 3756 548 3809 Verbum
560 3760 718 3824 digrediendi
761 3754 812 3808 dat
823 3754 881 3808 loco
897 3779 935 3810 rev
954 3760 1042 3819 ieter,
1058 3754 1198 3825 legendum
1211 3772 1267 3807 esse

209 3853 344 3904 nunquam
361 3835 429 3888 aliud
443 3833 539 3887 indicat
556 3853 636 3903 quam
645 3839 716 3887 abire
761 3833 934 3902 leuius,·quod
944 3833 1159 3888 omninolaleum.
1169 3830 1267 3884 Statius

210 3914 243 3963 ei
251 3917 342 3981 aliquo.
355 3913 453 3967 Senem
464 3913 543 3966 series
556 3922 596 3965 est
609 3912 712 3981 itaque,
762 3932 900 3984 perperam
909 3913 994 3986 jungit
1005 3934 1011 3967 :
1022 3917 1091 3966 nala
1100 3920 1187 3964 restra
1197 3929 1267 3963 care

212 4008 269 4057 quae
277 3990 326 4044 boc
335 3991 392 4046 loco
400 3993 472 4046 litem
480 3990 714 4059 dirimerepoterit.
761 3988 1267 4063 io.8ensneaVulpioproepositus«Mox

212 4067 247 4119 ll.
259 4069 486 4137 Voss-Derim
495 4080 534 4122 est
544 4073 637 4123 deloco
643 4074 710 4132 aiio,
764 4070 811 4124 tibi
822 4090 878 4135 non
892 4090 960 4125 nurse
970 4068 1029 4136 (sed
1038 4085 1131 4120 omnes
1147 4065 1200 4133 dii)
1212 4083 1267 4127 see<
