2722 4762
137 333 144 347 '
221 343 294 425 xxxij
510 393 512 397 .
611 339 670 399 un
696 337 891 398 risuum

219 493 341 555 nemque
358 473 391 532 in
407 492 481 532 nova
495 467 661 531 recensione
678 468 845 551 comparavi.
865 469 957 530 Pauca
972 479 1064 530 tamen
1080 468 1112 529 in
1127 489 1160 530 ea
1176 471 1281 534 obser-

216 595 280 637 vare
294 571 392 656 potui,
409 593 474 653 quae
488 591 549 629 non
560 569 593 637 ,in
610 568 709 629 ceteris
728 589 844 651 quoqne
859 568 971 646 scriptis
984 568 1062 630 libris
1078 586 1279 646 occurrereut;

216 683 246 733 et
258 671 378 732 omnino
391 669 463 729 liber
478 668 527 729 ille
545 665 735 729 Corvinianus
750 668 815 729 satis
829 689 928 729 recens
946 688 1006 728 csse
1023 668 1138 743 debuit,
1154 670 1279 745 saeculo,

216 785 309 855 puto,
324 772 380 831 XV
394 781 528 831 exaratus.
550 771 698 844 Quantum
711 789 745 829 ex
756 768 922 846 prolatione
935 768 1081 852 intelligo,
1098 771 1281 848 Propertium

216 890 332 951 quoque
343 880 372 930 et
389 867 534 928 Catullum
544 867 634 928 codex
649 866 830 929 continebat:
846 867 990 946 promittit
1002 867 1079 927 enim
1089 866 1280 945 Koeleserius,

218 996 249 1035 se
264 991 314 1031 eos
331 969 450 1031 Tibullo
464 968 582 1031 comites
600 958 729 1028 daturum
745 989 816 1029 esse.
832 968 927 1029 liabet
942 970 999 1030 boc
1015 968 1157 1051 singulare
1171 969 1280 1043 codex,

217 1071 296 1156 quod
312 1068 475 1151 Elegiarum
492 1090 625 1130 numerus
640 1089 730 1150 usque
751 1068 886 1130 adfinem
903 1066 1103 1141 continuator,
1122 1067 1282 1150 desinitque

217 1173 248 1231 in
266 1167 365 1251 Elegia
382 1167 547 1239 XXXVll,
563 1167 671 1225 Rumor
685 1169 728 1226 ait
745 1166 855 1236 crebro,·
876 1164 928 1224 etsi
945 1163 998 1225 sub
1014 1164 1079 1226 libri
1095 1167 1233 1246 cujusque
1248 1186 1282 1226 ex

217 1268 301 1329 trinis
322 1266 435 1326 initium
449 1263 621 1345 adscriptum
635 1276 700 1337 est,
718 1287 824 1324 novum
847 1261 952 1323 librom
971 1261 1018 1325 bic
1037 1263 1152 1324 initium
1169 1264 1283 1325 babere.

104 1350 106 1352 .
220 1367 322 1444 Quarti
338 1364 405 1425 libri
419 1362 529 1425 notatio
550 1362 629 1423 nulla
645 1375 704 1436 est,
728 1363 777 1423 sed
800 1352 996 1445 praescriptum
1015 1364 1150 1426 :Laiades
1171 1365 1285 1427 Corvini

217 1466 354 1527 Messala
371 1465 479 1523 leemico
497 1464 623 1521 carmine
636 1463 804 1522 describit.»

263 1563 427 1646 «Exposita
444 1575 489 1622 est
508 1574 638 1642 tanquam
652 1562 683 1621 in
698 1573 842 1622 stemmate
857 1565 992 1646 prosapiis
1006 1585 1041 1623 oc
1056 1566 1142 1646 stirps
1154 1566 1283 1625 lectionis

222 1665 392 1724 Tibullioooe
409 1683 458 1743 per
477 1673 523 1722 tot
535 1660 675 1721 editiones
692 1660 827 1731 deductu
846 1661 940 1730 eedem
958 1683 1042 1740 opera
1055 1663 1141 1723 simul
1157 1683 1281 1724 enume-

215 1765 269 1826 rati
282 1775 351 1824 suut
366 1763 432 1820 libri
437 1805 447 1832 ,
465 1783 589 1841 quorum
599 1760 766 1821 auctoritate
778 1762 870 1821 nostri
885 1774 979 1840 poetae
992 1774 1047 1822 stat
1057 1762 1160 1834 lectio;
1178 1763 1282 1842 quibus
1298 1749 1307 1765 ¹

214 1864 279 1926 addi
295 1873 416 1940 possunt
432 1857 582 1930 nonnulli,
599 1858 732 1936 equibus
749 1881 804 1919 una
821 1860 867 1920 vel
885 1859 971 1920 altera
987 1860 1074 1923 lectio
1091 1864 1199 1943 prolata
1220 1873 1280 1935 est,

216 1965 267 2046 qui
283 1975 374 2021 nmen
390 1980 441 2041 per
453 1968 546 2016 totum
564 1954 669 2014 librum
685 1977 751 2014 cum
769 1955 881 2036 vulgata
893 1958 1046 2036 comparati
1064 1980 1124 2018 non
1141 1971 1217 2020 suut.
1240 1961 1283 2019 lta

217 2059 366 2122 Fruterius
380 2056 410 2115 in
426 2052 632 2114 verisimilibus
645 2056 677 2124 l,
692 2049 731 2123 53
749 2055 800 2126 ll,
819 2077 832 2114 ι
853 2067 883 2113 et
900 2057 953 2116 ult.
971 2057 1073 2138 passim
1085 2058 1202 2119 MStum
1219 2060 1282 2119 Da·

216 2156 299 2218 nielis
320 2153 423 2212 laudat.
439 2149 583 2211 Corradus
603 2149 633 2207 in
650 2150 803 2222 Quaestum
815 2172 844 2227 p.
860 2148 944 2225 325,
967 2152 1035 2212 edit.
1058 2153 1137 2235 Lips.
1154 2154 1281 2216 codicem

218 2264 386 2316 memorata
407 2248 529 2320 Carolo,
550 2259 657 2308 sacrato
677 2246 783 2327 Equite
805 2249 1044 2334 Hierosolymauo
1066 2237 1177 2327 nobili,
1201 2252 1279 2313 dono

217 2364 379 2429 acceptum,
395 2346 549 2420 lectiones,
566 2367 632 2426 quas
647 2366 680 2406 ex
693 2367 727 2407 eo
742 2347 853 2421 attulit,
871 2349 936 2409 suis·
946 2349 1017 2410 locis
1030 2351 1198 2413 notavimus.
1214 2352 1281 2413 Sal-

218 2451 321 2512 masius
342 2446 454 2509 codices
479 2444 590 2525 aliquot
614 2465 681 2504 suos
708 2443 816 2504 Tibulli
838 2457 974 2507 memorat
997 2446 1028 2505 in
1057 2446 1180 2508 Exercit.
1203 2448 1280 2509 Plin.

219 2575 248 2631 p.
263 2552 333 2635 492.
344 2551 380 2609 B.
392 2547 437 2607 ed.
448 2547 525 2628 Traj.
535 2547 647 2605 Doctus
659 2546 779 2605 batavus
795 2544 826 2605 iu
842 2545 929 2608 obss.
943 2546 1027 2607 blisc.
1038 2547 1105 2606 Vol.
1120 2548 1159 2607 ll.
1171 2571 1199 2628 p.
1212 2546 1280 2632 239.

220 2671 299 2729 seqq.
316 2647 454 2707 lectiones
474 2643 582 2724 aliquot
598 2663 614 2703 e
631 2642 729 2703 codice
750 2664 804 2704 suo
826 2641 953 2722 profert,
979 2645 1030 2705 sed
1052 2666 1118 2726 quae
1137 2665 1152 2703 e
1170 2645 1281 2732 vulgata

220 2747 292 2809 nibil
308 2745 491 2806 discedunt.»

260 2845 367 2905 Verum
383 2852 491 2922 praeter
501 2841 556 2900 bos
569 2861 629 2901 non
642 2840 723 2920 pauci
738 2841 840 2918 passim
855 2844 886 2901 in
900 2843 1071 2903 bibliothecis
1085 2854 1194 2903 exstant
1204 2845 1277 2904 libri.

222 2940 305 3013 Quos
326 2935 456 3019 Heyuius
474 2936 571 3015 partim
589 2957 604 2994 e
621 2934 853 2997 bibliothecarum
872 2939 1021 3023 catalogis,
1045 2937 1145 3021 partim
1166 2938 1278 3004 aliunde

219 3044 350 3104 notatos,
368 3052 458 3113 quum
470 3029 501 3089 in
514 3029 609 3107 priore
625 3031 751 3093 editione
771 3034 974 3108 recensuisset,
986 3047 1020 3094 ut
1033 3057 1092 3096 uno
1108 3036 1185 3117 quasi
1202 3058 1279 3098 cou-

221 3130 319 3209 spectu
335 3127 440 3188 intueri
455 3138 552 3206 posset
568 3128 679 3204 lector,
696 3143 830 3211 quantum
848 3131 931 3194 nobis
946 3133 977 3193 in
992 3155 1052 3196 uno
1069 3134 1125 3195 hoc
1139 3147 1196 3196 tam
1215 3138 1279 3197 exi-

220 3253 287 3316 guae
305 3231 396 3291 molis.
412 3251 504 3311 neque
518 3230 589 3290 adeo
611 3230 768 3292 multorum
789 3233 937 3295 hominum
955 3235 1079 3297 lectione
1101 3235 1279 3319 frequentato

221 3343 305 3414 poeta
318 3328 507 3390 subsidiorum
519 3328 648 3390 relictum
659 3330 710 3404 sit,
723 3330 807 3391 etiam
821 3353 836 3393 e
851 3333 946 3416 priore
959 3334 1124 3411 praelatione
1138 3335 1169 3395 iu
1183 3336 1280 3399 subse-

223 3441 342 3512 quentes
359 3428 436 3490 bunc
447 3427 601 3511 catalogum
613 3429 765 3491 transvexit
776 3453 859 3512 quem
870 3431 922 3497 tibi
933 3432 980 3492 liic
993 3433 1050 3494 loci
1062 3433 1157 3497 denuo
1165 3448 1279 3497 auctum

222 3540 306 3610 atque
326 3528 501 3587 emendatum
520 3528 668 3610 legendum
684 3528 881 3606 proponimus.
898 3529 1015 3590 lnitium
1030 3533 1114 3614 hujus
1131 3535 1279 3596 recensio·

222 3626 267 3685 nis
283 3623 415 3685 faciemus
425 3624 459 3684 ab
476 3625 580 3696 Itolio,
597 3624 727 3684 codicum
743 3625 822 3706 quasi
838 3626 944 3703 patria,
958 3627 1034 3688 unde
1050 3627 1081 3687 in
1096 3629 1161 3690 alies
1174 3642 1279 3703 terras,

221 3736 352 3806 tanquam
364 3745 380 3783 e
393 3724 476 3784 natali
490 3724 521 3783 in
534 3723 712 3807 peregrinum
724 3725 816 3786 solum
830 3724 942 3786 abducti
954 3725 1043 3788 lucre.
1054 3729 1093 3788 Et
1103 3752 1117 3789 a
1127 3727 1280 3790 Montelal-

223 3823 310 3881 conio
322 3820 436 3902 quidem
456 3821 486 3880 in
505 3820 674 3882 bibliotheca
689 3823 742 3882 MS
760 3835 832 3886 tom.
854 3829 887 3900 l,
908 3847 936 3903 p.
953 3824 993 3901 l,
1012 3827 1086 3888 inter
1100 3827 1279 3890 bibliothece

224 3919 366 3982 Vaticanis
377 3921 488 3983 codices
501 3934 692 3983 memorantur
703 3945 711 3980 e

265 4022 303 4080 N.
327 4021 414 4106 1609.
434 4021 543 4082 Tibulli
557 4021 644 4084 codex
660 4022 790 4104 antiquus
804 4025 834 4084 in
846 4027 1013 4089 membrana.
1076 3979 1080 3984 ·
