2722 4762
290 341 552 405 contentus
580 345 638 406 ET
663 347 992 412 EDITIONlBUS.
1108 359 1172 438 nei

111 473 247 534 Notstum
263 472 300 533 sd
317 474 401 556 bajas
419 493 517 535 oram:
533 473 658 552 Seneca,
675 492 705 540 et
721 480 919 567 sademcleg's
930 485 1070 566 postpd,

269 621 312 675 Ah
326 635 427 696 pereant
439 636 503 676 artes
515 638 538 676 et
550 626 635 680 mollia
648 628 702 699 jura
712 629 834 697 colendi,-

269 706 294 758 Ο
307 706 403 759 utinam
417 709 493 761 veteri
508 724 664 783 peragrantes
674 733 744 766 more
755 715 852 787 puelle.

107 842 194 920 priori
206 842 303 905 serem
317 843 480 920 appictum:
500 845 608 906 Seneca
623 849 757 930 supplevit
772 855 834 927 sic‚·
850 853 885 913 ad
899 852 1039 914 alterum:
1058 854 1170 914 Pbilel-

97 938 149 1016 sus
162 961 229 1001 sem
244 943 297 1000 sic.
313 943 377 1001 Jam
392 940 428 1002 de
442 940 594 1021 Pbilelpbo
609 957 640 1007 et
653 946 773 1025 Aurispa
784 949 879 1009 omnia
893 961 962 1010 sunt
977 951 1043 1012 satis
1055 964 1062 989 ¹
1080 963 1168 1012 nota:

105 1040 154 1100 sed
167 1041 232 1123 quis
248 1040 296 1101 ille
312 1043 441 1104 senew
458 1040 560 1117 fuerit,
577 1045 706 1106 nondum
722 1047 792 1107 mihi
811 1048 918 1131 liquido
934 1062 1054 1112 constat
1068 1052 1169 1112 Fuisse

105 1149 197 1200 umen
210 1138 332 1220 aliquem
341 1152 468 1202 veterum
478 1155 627 1205 auctorum
641 1145 872 1224 interpolatorem
883 1171 917 1210 cx
927 1149 978 1210 illo
991 1147 1097 1210 eaeculo
1110 1150 1168 1210 hoc

103 1234 235 1310 nomine,
247 1257 281 1296 ex
295 1236 402 1298 vossio
416 1238 451 1299 ad
467 1237 572 1302 Catull.
584 1262 614 1318 p.
631 1237 691 1315 284
705 1242 813 1307 discere
823 1244 904 1323 licet,
920 1245 970 1326 qui
982 1244 1084 1306 librum
1097 1266 1168 1337 msc.
1267 1288 1270 1301 r

102 1334 210 1397 viderat
224 1335 374 1411 AEueidis‚
394 1337 426 1397 in
449 1361 506 1421 quo
528 1342 634 1403 Seneca
655 1343 784 1424 priorum
804 1357 925 1426 quatuor
944 1367 1094 1418 versuum,
1117 1343 1168 1426 qui

101 1432 219 1493 AEneidi
234 1433 370 1511 praemitti
385 1437 495 1512 solent,
512 1449 612 1501 auctor
628 1438 777 1514 edebatur3
802 1453 832 1503 et
855 1441 963 1503 Lucani
984 1442 1114 1515 codices,
1135 1441 1167 1500 iu

101 1532 201 1614 quibu
217 1546 325 1613 septem
346 1536 455 1618 primos
470 1559 568 1599 vasus
583 1539 721 1603 addidisse
739 1540 883 1605 dicebatur
902 1543 1011 1604 Seneca
1029 1540 1080 1602 sed
1101 1562 1165 1602 cnm

101 1630 143 1692 bis
164 1631 258 1694 verbis
279 1655 287 1691 ι
312 1643 343 1692 ut
357 1635 471 1716 guidam
491 1638 591 1699 votum
609 1641 766 1700 aounculess
787 1640 899 1699 hoeni
914 1637 935 1695 ³.
957 1640 993 1698 ln
1008 1637 1165 1698 Dresdeusi

100 1752 187 1809 porro
203 1731 277 1793 libro
291 1732 381 1810 prima
396 1734 525 1795 omnium
540 1736 629 1818 elegia
649 1736 766 1819 reliquis
782 1736 860 1820 quasi
876 1736 987 1819 prefixa
999 1735 1164 1811 videbatur,

101 1854 166 1892 cum
180 1831 236 1892 boc
250 1833 398 1893 lemmate:
417 1833 499 1894 Albii
513 1832 617 1892 Tibulli
630 1835 660 1894 in
676 1836 762 1895 libros
775 1837 925 1914 elegiarum
937 1837 1102 1911 pmoemsicm
1116 1836 1165 1893 in-

102 1929 192 2009 cipit:
206 1932 237 1989 in
252 1951 302 2010 gua
317 1931 454 2012 despectis
475 1930 581 1986 divitiis
603 1940 632 1987 et
650 1933 753 1988 militia
772 1930 890 1992 Deliam
907 1954 1005 1992 antaee
1022 1941 1051 1990 et
1071 1933 1167 1991 wnori

100 2028 301 2086 inserviendum
318 2028 404 2097 dicim
419 2025 449 2085 id
462 2026 540 2106 quod
556 2025 646 2086 etalii
665 2026 718 2087 sibi
736 2041 952 2106 persuaserunt,
966 2041 1000 2090 nt
1015 2027 1162 2089 Tibullum

99 2136 173 2200 tum,
185 2148 273 2208 quum
283 2124 448 2187 fasciculum
454 2123 604 2209 elegiarum
612 2124 753 2207 superiori
760 2137 889 2209 tempore
900 2128 1067 2205 scriptarum
1075 2127 1160 2188 emit-

98 2234 157 2282 tere
170 2222 272 2297 vellet‚
288 2224 361 2284 banc
377 2222 495 2305 elegiam
507 2221 658 2300 prebuisse
674 2234 822 2300 putarent,
840 2244 894 2305 qua
911 2223 1057 2298 Messalae,
1075 2247 1160 2306 quem

97 2324 129 2383 in
138 2344 170 2384 es
178 2323 315 2405 appellat,
326 2345 391 2385 eum
401 2320 505 2384 librum
514 2321 689 2385 inscriberet.
700 2325 821 2409 fugerat
832 2345 879 2384 me
889 2336 968 2397 tum,
980 2346 1068 2406 quum
1077 2325 1160 2406 prio-

96 2445 157 2485 rem
172 2423 367 2484 recensionem
388 2422 571 2495 adunarem,
591 2420 723 2483 Tibullus
745 2443 762 2482 e
784 2422 894 2485 Codice
917 2425 1005 2485 MSto
1028 2425 1158 2487 Matthiae
1213 2443 1214 2447 ’

97 2519 220 2583 Corvini
233 2519 322 2603 Regis
337 2518 494 2604 Hungmiae
508 2542 524 2580 a
539 2520 615 2579 Sam.
631 2518 790 2580 Koeleserio
805 2541 821 2579 a
834 2522 1004 2581 lieres-lies
1019 2521 1157 2583 Claudio-

97 2620 159 2700 poli
176 2642 251 2704 rpap
267 2621 299 2681 iu
313 2620 427 2683 octonis
444 2619 546 2681 editus.
561 2621 669 2681 Nactus
684 2640 749 2679 sum
764 2640 828 2678 eum
851 2618 1035 2698 paulopost,
1054 2620 1157 2682 lectio—

131 2881 141 2910 ¹
157 2875 199 2929 De
212 2876 317 2950 Aurispe
329 2877 380 2950 egit
393 2876 528 2948 diligenter
538 2870 679 2928 bromius.
692 2873 723 2927 ad
733 2869 777 2927 lib.
786 2873 811 2941 1,
824 2887 859 2941 11,
873 2873 917 2941 ιζ,
932 2887 957 2927 ιι
965 2871 1158 2931 Meemcbellius

99 2960 226 3029 (Serittoei
237 2961 363 3022 d'Ieatia,
377 2971 395 3013 t.
407 2962 428 3013 1.
439 2959 465 3011 b.
475 2963 522 3025 ι).
538 2959 635 3014 Confer
643 2978 743 3031 quoque
754 2957 859 3032 Kyriaci
870 2960 1024 3013 Anconiteui
1035 2962 1155 3026 itinerar,

96 3066 122 3120 p.
134 3065 148 3116 7
161 3057 186 3098 et
197 3044 241 3113 43,
260 3045 305 3100 nbi
315 3046 343 3098 in
355 3045 424 3118 proi.
438 3066 462 3119 p.
475 3047 523 3112 40,
546 3044 671 3098 distichon
682 3063 783 3116 quoque
793 3042 824 3095 sb
839 3062 869 3096 eo
879 3045 1033 3118 suppositum
1052 3045 1155 3100 Tibullo

95 3131 220 3184 recitetur.
245 3130 337 3184 Verrio
355 3129 481 3184 Hieroclis
494 3129 525 3182 sb
541 3130 649 3203 Aurispa
665 3130 728 3182 laets
745 3140 884 3181 recensetur
900 3129 976 3182 simul
989 3141 1046 3183 eunt
1061 3131 1117 3183 aliie
1141 3152 1156 3184 a

95 3216 138 3268 Io.
150 3212 247 3268 Beue
259 3213 405 3268 Mittasello
415 3213 444 3266 in
455 3212 576 3266 Bibliotb.
589 3213 670 3267 Codd
683 3213 711 3266 S.
721 3211 852 3266 Michaelis
864 3213 895 3266 sd
907 3213 1064 3283 Marianum,
1078 3237 1101 3288 p
1114 3215 1154 3268 82.

95 3300 140 3353 Est
153 3301 181 3352 in
194 3319 252 3353 eum
263 3299 416 3372 epigramma
426 3298 486 3351 leni
497 3298 639 3365 Pannonii,
653 3310 670 3350 t.
682 3298 705 3362 l,
720 3316 775 3372 pag.
790 3298 846 3354 508.

312 3418 362 3456 Τιιι
369 3418 438 3457 doctus
446 3416 515 3456 seibt
523 3430 557 3456 cur
564 3417 594 3455 nil
601 3417 682 3468 surisp·
689 3445 697 3462 ,
704 3415 801 3468 requiris?

336 3485 431 3524 &detur
437 3479 502 3524 'uum
510 3485 578 3525 doctae
585 3493 608 3523 ιιι
615 3496 655 3522 esse
662 3484 734 3532 mgis.

126 3599 137 3628 ¹
155 3595 224 3648 Vide
236 3614 322 3670 supra,
337 3616 362 3668 p.
375 3612 421 3663 xx,
434 3608 519 3649 noum
531 3606 650 3648 nosuam.

126 3697 214 3770 ’'Pnit
226 3716 286 3751 sene
296 3717 392 3751 nomen
405 3698 508 3752 Seneoe
518 3696 584 3771 epod
597 3697 719 3748 serionrm
730 3707 829 3751 aarum
842 3698 956 3752 homines
970 3700 1152 3769 frequentatum
1186 3720 1188 3724 ⁴

92 3783 268 3837 indoctissime
280 3783 313 3836 sd
325 3783 397 3857 plura
407 3781 561 3857 supposititia
571 3780 595 3833 ei
605 3779 766 3854 essigneude;
781 3795 808 3834 ut
819 3776 942 3857 suspicari
950 3783 1022 3837 liceat
1033 3782 1097 3855 ipsas
1109 3805 1154 3837 no·

91 3881 129 3920 tes
145 3867 249 3920 'liranis
264 3880 289 3920 et
300 3867 403 3922 Seneca
415 3865 459 3919 uli
472 3878 613 3918 commento
632 3884 725 3918 nomen
736 3886 808 3920 suum
821 3866 927 3921 debere:
947 3867 1060 3940 inprimis
1075 3888 1153 3939 quum
1181 3866 1182 3873 ¹

92 3952 164 4006 idem
180 3952 275 4006 Seneca
288 3953 408 4025 Magister
420 3949 555 4024 appelletur
567 3951 596 4003 in
609 3950 686 4006 MSS.
703 3950 733 4003 de
747 3971 798 4023 quo
812 3971 836 4005 v.
849 3952 932 4006 locum
944 3951 984 4006 Jo.
996 3952 1096 4007 Pistorii
1111 3975 1150 4028 ep.

94 4037 264 4091 Werosdorl.
276 4038 305 4091 P.
318 4039 345 4088 L.
356 4037 393 4089 Μ.
405 4037 452 4088 To·
464 4037 500 4101 V,
516 4034 546 4086 P.
561 4036 613 4102 Ill,
627 4057 651 4111 p.
665 4035 736 4101 1467.
