2746 5166
287 780 556 845 contentus
584 784 646 843 ET
675 783 1010 844 EDITIONIBUS.
1127 783 1181 846 xlix

117 909 203 972 adbuc
218 911 436 986 recensuimus,
459 924 489 972 et
511 911 603 991 posita
619 912 649 972 in
670 912 766 975 fronte
789 913 948 976 editionum
975 912 1123 987 omnium,
1148 913 1184 973 ab

118 1008 263 1072 Huscbkio
280 1010 344 1088 ipso
359 1012 490 1096 princeps
507 1011 581 1073 dieta
597 1023 626 1073 et
643 1012 752 1091 major,
776 1014 841 1094 quia
862 1034 973 1074 revera
984 1013 1098 1095 majoris
1116 1034 1184 1073 mo-

119 1108 176 1170 duli
191 1120 257 1183 est,
276 1130 361 1192 quam
377 1108 450 1184 illae,
466 1132 518 1173 nec
533 1122 643 1185 umen,
660 1112 738 1193 quod
755 1112 868 1195 quidam
883 1113 1061 1174 tradiderunt
1072 1110 1182 1172 littera-

119 1222 210 1281 tores,
223 1209 355 1283 maximi,
373 1210 443 1284 sed,
460 1222 548 1289 prout
560 1211 699 1295 margines
713 1211 827 1274 latiores
842 1212 1041 1297 aglutinatore
1051 1212 1116 1290 plus
1130 1211 1185 1272 mi·

118 1329 204 1372 uusve
219 1308 303 1369 accisi
318 1321 406 1382 sunt,
422 1331 502 1371 nuuc
517 1311 552 1371 ab
568 1311 619 1372 bac
635 1311 728 1389 specie
744 1313 862 1395 propius
876 1311 971 1386 abest,
988 1334 1066 1374 nunc
1079 1311 1114 1373 ab
1127 1311 1183 1371 illa.

117 1411 177 1470 ,lam
194 1431 284 1489 quum
300 1409 362 1470 baec
373 1409 461 1472 editio
478 1410 584 1470 nullam
600 1432 654 1472 nec
670 1411 727 1472 loci
743 1433 796 1473 nec
812 1411 935 1473 officinae
950 1423 1046 1473 notam
1062 1411 1185 1472 subscri·

116 1521 189 1587 ptam
204 1508 325 1584 babeat,
345 1508 530 1583 factumest,
546 1522 580 1571 nt
596 1510 650 1572 viri
665 1511 744 1572 docti
763 1512 799 1572 de
814 1512 902 1594 patria
916 1524 945 1572 et
958 1524 1074 1574 auctore
1090 1511 1184 1594 operis

117 1606 308 1670 dissentirent·
330 1608 376 1671 Ac
390 1609 513 1691 primum
530 1610 645 1693 quidem
659 1611 770 1673 Lairius
786 1612 816 1674 in
831 1613 953 1689 Specim.
969 1612 1108 1673 Historic.
1127 1612 1185 1695 Ty-

116 1729 197 1791 pogr.
210 1711 299 1770 llom.
311 1709 344 1769 P.
360 1708 390 1770 11
403 1751 412 1783 ,
425 1733 454 1792 p.
474 1706 551 1785 186,
569 1732 698 1772 excusam
710 1733 770 1773 eam
781 1731 843 1772 esse
857 1711 1022 1793 opinabatur
1031 1709 1066 1771 ab
1081 1710 1185 1773 Ulrico

116 1809 228 1880 Hani03
251 1809 323 1883 sed,
341 1807 477 1871 refutatus
495 1810 529 1872 ab
547 1811 742 1885 Audillredo,
763 1824 862 1894 postea
879 1811 910 1872 in
938 1813 1001 1873 ind.
1017 1810 1131 1872 Libr0r.
1151 1809 1185 1872 ab

115 1906 229 1971 inventa
244 1909 415 1992 typograpb.
428 1909 463 1971 ad
476 1932 522 1970 au.
542 1910 641 1985 1500,
662 1912 696 1971 P.
713 1915 744 1985 1,
762 1934 791 1993 p.
807 1909 885 1997 289,
900 1933 916 1972 e
932 1910 1046 1973 Nicolai
1057 1909 1184 1983 Jenson,

116 2008 284 2092 typographi
309 2009 431 2082 Veneti,
452 2008 564 2073 officina
578 2012 718 2094 prodiisse
733 2011 880 2072 statuebat.
904 2011 1001 2073 Hodie
1018 2032 1118 2073 omnes
1136 2031 1187 2070 ac-

118 2109 214 2171 cedere
229 2109 316 2172 video
333 2109 495 2173 Audiliredi
511 2113 684 2186 sententiae,
707 2112 757 2195 qui
773 2112 845 2174 banc
859 2111 1015 2174 editionem
1034 2112 1064 2172 in
1078 2112 1187 2173 Veneta

118 2209 248 2291 quidem,
267 2210 319 2272 sed
333 2211 480 2271 Vindetiui
497 2212 638 2294 Spirensis
654 2212 766 2274 officina
782 2234 940 2291 expressam
957 2235 1018 2275 esse
1036 2211 1189 2295 proposuit

118 2311 150 2369 in
168 2309 294 2393 Catalog.
314 2309 416 2371 histor.
437 2311 528 2373 critic.
550 2314 742 2374 Romanarum
759 2313 826 2373 edd.
849 2311 954 2374 Saeculi
970 2312 1047 2384 XV,
1067 2335 1096 2390 p.
1121 2308 1187 2370 123.

120 2410 193 2485 Quae
208 2412 371 2492 conjectura
387 2410 462 2471 baud
471 2407 577 2493 'parum
599 2432 634 2474 eo
650 2410 853 2488 confirmatur,
880 2410 959 2495 quod
974 2423 1047 2472 teste
1061 2411 1184 2483 codem,

119 2532 225 2571 summa
239 2509 315 2572 inter
325 2511 396 2572 banc
410 2523 440 2572 et
452 2511 588 2573 Martialis
599 2555 608 2585 ,
623 2534 639 2573 a
651 2510 805 2572 Vindelino
822 2513 856 2572 de
865 2513 953 2595 Spita
965 2521 1105 2586 curatam,
1123 2511 1188 2572 edi-

119 2608 226 2670 tionem
240 2610 393 2671 intercedit
404 2633 463 2672 non
478 2621 612 2693 typorum
629 2611 733 2684 modo,
750 2611 799 2672 sed
811 2612 915 2673 cbartae
925 2611 1008 2672 etiam
1019 2609 1186 2672 similitudo.

157 2709 253 2790 Hujus
270 2709 405 2770 editionis
418 2709 491 2770 illud
505 2710 663 2793 exemplar,
681 2708 777 2792 quod,
794 2720 868 2772 teste
882 2710 1029 2771 Beruardo
1043 2710 1078 2770 de
1088 2710 1188 2770 Mont-

110 2800 270 2880 smcmn,t.
287 2807 320 2879 1,
338 2827 367 2883 p.
384 2803 463 2889 309,
479 2829 509 2866 n.
525 2804 583 2880 al„
601 2806 757 2870 Florentiae
772 2805 803 2868 iu
818 2806 989 2870 bibliotheca
1001 2807 1188 2867 Laurentiann

119 2916 224 2963 exstare
239 2904 372 2987 Heynius
388 2904 507 2979 scribit,
529 2917 627 2988 postea
638 2904 667 2965 in
679 2905 879 2970 bibliothecam
893 2907 1019 2988 ejusdem
1033 2905 1111 2966 urbis
1121 2908 1189 2966 Ma-

119 3001 335 3084 gliabocbianam
351 3004 615 3080 translatumesse,
638 3016 743 3087 patete
761 3005 844 3065 Ferd.
861 3004 956 3066 Fossii
975 3004 1115 3086 Catalogo
1135 3025 1188 3065 co·
1317 3026 1320 3030 ·

121 3102 214 3164 dicum
230 3106 304 3166 Sec.
321 3105 393 3179 XV,
411 3116 465 3166 etc.
479 3117 504 3165 t.
521 3107 553 3180 1,
570 3127 599 3183 p.
613 3103 683 3189 496.
700 3102 801 3165 Fuisse
815 3116 910 3165 autem
929 3101 999 3164 olim
1015 3101 1123 3184 Angeli
1134 3103 1189 3164 Po-

121 3203 227 3279 litiaui,
251 3207 368 3288 ejusque
384 3227 469 3267 manu
489 3204 526 3266 ad
544 3205 701 3287 marginem
720 3203 846 3279 Catulli,
866 3201 978 3264 Tibulli
999 3213 1029 3264 et
1044 3202 1189 3280 Propertii

121 3303 236 3382 scriptas
254 3305 356 3366 babere
374 3305 593 3377 annotationes,
617 3316 718 3366 contra
739 3303 1015 3378 Montelalcouium,
1041 3303 1077 3365 de
1091 3303 1142 3363 bac
1157 3324 1188 3363 re

123 3403 318 3478 dubitantem,
340 3405 524 3483 comprobare
547 3404 678 3467 studebat
698 3405 854 3466 Bandinius
875 3404 905 3465 in
931 3403 1069 3487 Catalogo
1091 3403 1187 3466 Codd.

122 3504 199 3563 Latt.
215 3503 354 3566 Bibliotb.
370 3506 475 3567 Medic.
492 3508 627 3569 laurent.
647 3516 670 3565 t.
688 3507 736 3579 ll,
753 3527 781 3582 p.
796 3501 855 3587 96,
873 3525 932 3587 seq.
949 3522 983 3564 cx
1006 3503 1057 3564 bac
1073 3503 1188 3566 Catullo

122 3604 272 3686 praeposita
285 3606 433 3669 notatione
449 3630 456 3666 ε
472 3608 578 3686 Angeli
592 3606 731 3665 Politiani
741 3616 770 3664 et
784 3607 957 3674 micorum
974 3626 1039 3685 quae
1054 3603 1188 3666 inferiore
1257 3660 1261 3679 ,
1296 3674 1298 3679 ,

122 3704 189 3766 loco
203 3728 296 3788 graece
309 3704 449 3788 repetitur
460 3707 516 3767 sic:
533 3700 647 3790 dpyilou
658 3719 744 3787 κτῆμα
756 3717 803 3769 τοῦ
816 3710 968 3770 Πολιτιαιοῦ
981 3709 1025 3765 καὶ
1036 3717 1086 3766 τῶν
1100 3711 1188 3786 pilosa.

122 3806 162 3865 Iit
183 3806 219 3866 ad
240 3808 343 3868 calcem
360 3808 506 3890 Propertii
529 3810 664 3892 leguntur
679 3809 764 3869 baec:
784 3805 941 3879 «Catulli,
958 3804 1090 3882 Tibulli,
1111 3807 1189 3869 Pro-

122 3905 262 3989 petiiqne
275 3906 387 3968 libellos
405 3909 479 3986 coepi
495 3929 549 3994 ego
566 3907 699 3990 Angelus
713 3905 871 3968 Politianus
887 3908 941 3989 jam
955 3905 1021 3967 inde
1038 3926 1054 3965 a
1071 3905 1191 3988 pueritia

122 4018 240 4068 tractare
261 4019 291 4067 et
309 4029 362 4085 pro
388 4007 477 4070 aetatis
498 4009 558 4091 ejus
575 4005 683 4091 judicio
706 4005 752 4069 vel
771 4005 914 4090 corrigere
930 4004 975 4069 vel
991 4005 1188 4083 interpretari;

123 4128 181 4188 quo
191 4106 240 4181 fit,
256 4117 290 4168 ut
300 4108 390 4167 multa
403 4128 437 4168 ex
449 4106 489 4168 eis
504 4129 540 4168 ne
551 4107 613 4184 ipse
623 4106 738 4187 quidem
750 4105 836 4180 satis,
852 4117 885 4166 ut
896 4125 974 4172 nuuc
985 4116 1047 4176 est,
1059 4102 1189 4184 probem.

123 4208 181 4281 Qui
196 4207 293 4289 leges,
311 4227 363 4283 ne,
377 4228 491 4288 qrraeso,
508 4207 554 4268 vel
571 4206 679 4289 ingenii
692 4207 737 4269 vel
754 4206 893 4267 doctrinae
908 4205 953 4266 vel
970 4203 1125 4287 diligentiae
1140 4225 1192 4265 no·

124 4318 188 4367 strae
201 4306 270 4368 binc
283 4306 337 4368 tibi
355 4309 549 4388 conjecturam
565 4318 614 4367 aut
626 4304 761 4389 judicium
777 4304 872 4367 facito.
893 4301 1037 4366 Permulta
1050 4300 1125 4362 enim
1139 4301 1192 4363 iu-

125 4404 229 4467 iuerint
240 4409 287 4483 (ut
301 4405 436 4467 Plautino
451 4417 515 4467 utar
531 4403 635 4483 verbo)

288 4528 332 4583 lte
346 4548 461 4601 quoque,
473 4527 517 4599 qui
530 4527 629 4599 scripsi,
642 4527 724 4600 judice
737 4528 816 4598 digna
829 4520 885 4578 lini.

449 4638 538 4704 Anno
558 4636 824 4700 MCCCCLXXV.
839 4661 855 4691 s
