2722 4762
195 371 235 434 nv
587 351 647 428 uu
679 347 879 428 sinuum

195 523 307 566 socrum
323 523 367 562 me
382 502 505 561 tenuisse
520 498 602 559 diem.
612 479 706 572 unc,
724 496 830 574 credo,
846 484 988 558 suiflcient
1006 494 1040 556 ad
1060 493 1268 556 confutandum

195 601 301 687 Heyuii
315 621 462 674 errorem,
480 600 598 661 fortasse
612 600 694 660 etiarn
711 597 838 672 Raudii,
857 597 906 679 qui
923 596 954 657 in
971 596 1112 674 prooemio
1127 593 1270 656 Silvarum·

195 705 295 778 Statii,
304 727 333 786 p.
346 720 427 786 xxx,
441 721 477 761 ne
489 701 630 762 desideret
641 699 755 790 quidem
765 718 937 783 magnopere
946 696 991 756 ed.
997 695 1101 757 Venet
1113 717 1158 756 au.
1173 694 1267 780 1475,

195 826 283 885 quum
300 826 335 865 ex
357 801 510 864 collatione
532 799 662 875 Catulli,
686 820 769 880 quam
785 798 891 872 habet,
908 797 1114 880 cognovisset,
1137 795 1268 876 eamserr

192 916 281 966 totam
297 925 361 986 cum
373 903 483 965 Veneta
499 900 588 984 prima
605 900 767 962 convenire.
784 914 786 919 ·

338 1104 396 1177 Vl.
422 1099 533 1174 Editio
550 1095 716 1186 Romano,
743 1127 798 1174 au.
825 1099 931 1199 1475,
948 1098 1044 1192 *in-4⁰
1064 1098 1143 1172 min.

316 1277 412 1337 Aaou
428 1226 566 1337 Τιιιιιιι
580 1224 707 1359 Elegiae.
813 1219 814 1224 i
956 1216 958 1223 Ι
1060 1221 1063 1225 ’

236 1402 271 1463 lu
288 1402 346 1464 line
363 1424 370 1460 ε

207 1616 209 1622 A
234 1543 356 1602 Preseus
374 1522 453 1622 opus¹
463 1537 574 1599 Tibulli
586 1535 669 1600 albici
684 1537 808 1620 imprimi
821 1537 889 1599 lecit
904 1537 943 1599 G.
958 1536 1110 1600 Tibullus¹
1124 1581 1133 1612 ,
1146 1538 1181 1600 dc
1192 1540 1269 1602 ami-

194 1643 273 1704 danis
303 1642 338 1702 de
364 1641 506 1702 Cremona
529 1640 623 1700 Rome
649 1637 736 1699 duno
766 1638 868 1701 lubilei
895 1652 925 1700 et
955 1661 971 1700 a
997 1638 1142 1701 natiuitate
1159 1641 1270 1703 domini

194 1742 470 1816 menemus,
494 1740 540 1803 die
557 1738 690 1802 mercurii
706 1741 832 1816 XVlll,
854 1741 959 1803 mensis
977 1742 1042 1802 lulii
1064 1743 1187 1808 Sedeote
1205 1745 1269 1807 cle-

194 1839 371 1907 mentissimo
389 1841 471 1902 Sixto
488 1861 557 1923 papa
570 1841 683 1915 Quarto
702 1839 791 1902 Anno
808 1842 869 1923 ejus
882 1839 958 1901 lelici
976 1842 1098 1916 Quarto.

235 1969 382 2032 Accedit:

239 2078 330 2142 husu
343 2077 446 2136 Trous
449 2091 479 2134 ur
498 2072 564 2133 Vita
575 2097 639 2135 cum
652 2074 892 2136 Commentario
883 2097 914 2136 ιιι
930 2076 1057 2157 ejusdem
1070 2075 1183 2163 Elegiae
1197 2098 1268 2143 auc-

194 2197 259 2246 tore
276 2180 455 2242 Bernardiuo
471 2180 598 2242 Cillenio
614 2180 785 2242 verouensi

235 2283 344 2353 ereis,
368 2279 452 2341 etiam
463 2280 493 2339 in
508 2279 573 2339 edd.
588 2280 703 2342 venece
719 2301 784 2339 oum
799 2292 963 2343 commento
976 2280 1121 2366 Cyllenii,
1140 2285 1269 2345 auctoris
1342 2298 1345 2304 ’

196 2381 284 2464 elegia
306 2379 341 2441 ad
361 2378 518 2460 Baptistam
533 2378 673 2438 Ursinum
690 2378 781 2438 aerarii
800 2380 947 2442 Pontificii
964 2380 1112 2444 custodem
1127 2394 1157 2443 et
1179 2380 1270 2443 Urbis

196 2481 337 2567 gymnasii
354 2481 559 2542 ricereetorem
573 2478 652 2539 benev
663 2479 807 2541 meritum.
818 2511 822 2519 =
832 2482 867 2540 ln
885 2481 942 2543 fine
959 2482 1154 2546 commentarii
1171 2482 1269 2543 eadem

195 2584 295 2656 verba,
315 2604 380 2664 qrsoe
395 2579 516 2653 Tibullo
531 2577 656 2662 subjecta
673 2589 760 2652 suut,
780 2591 970 2660 repetuntur,
990 2580 1044 2641 nisi
1064 2581 1160 2662 quod,
1184 2581 1269 2643 Sixto

195 2704 265 2765 papa
287 2682 399 2756 Quarto
418 2677 509 2739 Anno
524 2680 586 2759 ejus
600 2674 679 2769 lelici
696 2676 810 2766 Qutto‚
828 2677 952 2761 legitur,
977 2680 1070 2742 miuus
1087 2693 1270 2755 recte‚'mo·

196 2797 283 2846 uente
298 2784 434 2866 lleyuio‚
457 2781 506 2862 qui
524 2780 597 2841 hauc
614 2779 772 2841 editionem
785 2779 893 2861 primus
904 2779 1032 2842 omnium
1043 2795 1072 2842 et
1083 2783 1175 2843 adhuc
1189 2784 1269 2846 solus

195 2883 388 2959 comparavit,
406 2879 533 2941 scribens
547 2880 585 2938 ita
600 2901 607 2937 ε
628 2905 649 2930 n
662 2879 743 2939 Nulli
755 2878 846 2940 adhuc
863 2882 1047 2962 superiorum
1056 2881 1198 2942 editorum
1210 2883 1269 2942 *Ti-

196 2981 265 3042 bulli
282 3024 291 3053 ‚
309 3001 362 3039 nec
378 2979 433 3056 ipsi
451 2977 595 3037 Maittario
606 2987 639 3050 ²,
664 2976 727 3038 hsec
744 2976 836 3036 editio
850 2977 1009 3040 innotuisse
1027 2978 1161 3040 videtur.¹
1174 2978 1269 3041 Nobis

196 3103 255 3142 eam
266 3078 361 3140 videre
374 3075 498 3159 contigit
511 3076 542 3135 in
553 3074 726 3136 bibliotheca
735 3075 892 3138 Dresdensi
901 3076 1056 3139 electorali.
1072 3080 1173 3140 Exstat
1182 3078 1268 3156 etiam

234 3252 322 3304 'Erat
337 3250 366 3303 id
385 3269 480 3302 nomen
499 3249 545 3302 illo
562 3263 673 3326 tempore
689 3268 742 3304 nou
759 3249 915 3321 infrequens.
934 3251 1012 3326 Apud
1031 3250 1178 3304 Illontesalc.
1198 3250 1268 3304 Bibl.

198 3333 277 3387 MSS.
292 3356 317 3408 p.
335 3333 393 3401 roh,
408 3335 473 3386 iuter
485 3332 636 3400 Vaticanos,
651 3353 676 3411 u.
692 3336 768 3404 2794,
784 3336 926 3388 reseruntur
938 3335 1049 3408 epistola
1062 3348 1111 3389 tres
1124 3334 1220 3390 Tibulli
1238 3354 1268 3403 r,

199 3421 231 3473 ad
244 3421 285 3472 Jo.
303 3417 524 3483 Avenionensem,
543 3438 574 3484 a,
588 3418 620 3470 ad
636 3419 682 3471 Ge.
698 3419 907 3493 'l'raperuutiurn‚
921 3421 953 3487 3,
968 3421 998 3472 ad
1013 3419 1165 3473 Porcellum.
1181 3413 1269 3473 llum

198 3504 251 3558 Alii
264 3503 404 3576 Georgium
419 3502 551 3555 Tibullum
565 3525 578 3556 e
592 3523 697 3557 numero
708 3504 923 3578 typographorum
935 3505 1111 3571 eximendum,
1127 3506 1200 3576 eique
1212 3505 1270 3558 sub·

197 3590 353 3644 stituendum
365 3609 416 3641 esse
429 3601 532 3646 censent
544 3589 684 3661 Georgium
693 3591 817 3642 haustum
830 3589 928 3656 (laur)
937 3589 1111 3657 Germanum,
1127 3591 1171 3662 qni
1179 3591 1270 3644 ‘Rome

198 3676 257 3728 inde
270 3675 301 3728 ab
312 3694 352 3726 an.
368 3675 442 3743 ¹47⁰,
455 3673 577 3743 usquead
589 3693 630 3726 an.
645 3673 722 3738 1481,
735 3686 813 3726 artem
827 3674 1030 3747 typographicam
1044 3674 1167 3740 exercuit,
1180 3675 1270 3728 iisdem

197 3760 247 3811 lere
262 3758 326 3833 typis
340 3776 412 3823 usna,
426 3756 517 3825 quibus
528 3777 656 3830 expressus
666 3771 702 3810 eat
713 3757 838 3812 Tibullus.
852 3758 912 3811 Vid.
924 3759 1070 3812 Andillrcdi
1079 3757 1159 3812 cant
1172 3758 1269 3811 Histoe.

199 3843 285 3896 Critic.
298 3843 407 3896 Roman.
420 3841 486 3894 Edd.
498 3861 554 3896 saec.
569 3841 632 3909 XV,
646 3863 670 3915 p.
688 3843 747 3912 178,
761 3854 786 3895 ct
799 3861 822 3915 p.
835 3842 891 3912 473.

231 3957 243 3987 ²
259 3953 399 4007 Maittarins
416 3952 511 4006 huual.
527 3952 689 4026 Typograpb.
704 3966 720 4005 t
736 3954 766 4021 l,
781 3975 804 4027 p.
818 3954 848 4020 1,
862 3975 886 4027 p.
906 3954 971 4023 348,
990 3954 1199 4008 commentarium
1213 3953 1269 4006 siue

200 4049 268 4091 textu
282 4050 413 4089 memorat.
430 4036 491 4089 Tala
507 4035 649 4110 exemplum
660 4048 737 4089 exstat
750 4038 826 4091 etiem
839 4038 926 4094 homas
938 4040 967 4095 in
987 4039 1139 4094 bibliotheca
1153 4035 1277 4093 Casana-¹

200 4121 272 4176 tensi.
287 4120 430 4175 Audissred.
441 4142 466 4194 p.
484 4122 537 4184 178.
