2828 4762
192 352 212 411 8
530 349 674 417 ALBII
702 349 916 416 TIBULLI

231 475 307 557 ‘Nec
325 512 454 584 semper
469 484 578 581 longae
593 486 727 562 deditus
743 515 811 561 esse
827 487 908 574 viae3

190 599 256 671 Sed
276 599 375 671 Canis
394 598 523 673 aestivos
543 619 636 674 ortus
653 603 754 676 vitare
770 602 833 675 sub
852 602 971 675 umbra

238 713 396 800 Arboris,
414 714 454 787 ad
472 717 559 790 rivos
575 719 801 817 praetereuntis
821 746 923 817 aquae.

190 905 382 975 interpolatoris
398 926 508 959 manum
523 908 641 962 olentem
654 928 700 962 re·
746 930 796 980 que
809 910 870 964 huic
882 910 937 964 loco
952 912 1023 980 quasi
1036 914 1163 969 mendoso
1175 936 1252 986 opem

189 985 321 1052 jiciamus,
331 983 569 1037 etlectionemcod.
579 985 698 1039 Asckerr.
740 989 814 1041 'serre
829 989 957 1053 voluerit;
974 1009 1023 1044 nec
1041 991 1136 1046 desunt
1150 995 1195 1047 tibi
1210 996 1254 1048 le-

192 1074 217 1115 ct
233 1061 423 1115 Guelferbitani
440 1060 510 1114 tertii
530 1061 697 1126 adoriamur,
743 1067 843 1120 ctiones
853 1068 923 1121 inter
934 1087 996 1136 quas
1007 1068 1102 1140 eligere
1113 1073 1199 1141 possis.
1209 1073 1255 1126 ti-

188 1141 699 1207 srilicet,Jammodonnncpossam.}laec
744 1147 1185 1202 ceattamen-etnobissententiam
1197 1171 1254 1220 pro

189 1220 287 1288 pariter
300 1219 441 1288 rejicienda
458 1229 518 1282 est,
540 1218 600 1271 licet
616 1217 699 1270 Bacb.
744 1223 814 1277 serre
827 1224 1030 1292 simpliciorem,
1049 1246 1106 1295 quae
1125 1229 1197 1282 nulla
1209 1249 1255 1284 va-

189 1316 247 1349 eam
257 1296 443 1364 amplerussit3
458 1314 520 1347 nam
529 1294 582 1347 aliis
590 1293 697 1347 codicib·
743 1300 1252 1373 rietatelectionis,nequeimmutatione

189 1375 347 1428 adversatur.
355 1375 447 1442 Neque
458 1374 483 1426 J.
494 1375 529 1426 H.
540 1373 614 1426 Voss.
624 1374 700 1426 litem
748 1378 855 1449 indiget.
878 1377 991 1450 Cyllenii
1015 1383 1183 1450 parenthesin
1203 1383 1252 1436 ad-

188 1452 287 1504 dirimit
298 1453 359 1521 ,qui
370 1452 397 1503 in
407 1462 506 1505 textum
518 1450 617 1523 Guyeti
626 1470 695 1504 cou-
745 1454 842 1520 mittas,
851 1454 979 1524 simulque
992 1458 1119 1511 Huscblsii
1128 1459 1254 1528 interpre-

187 1535 314 1599 jecturam
328 1529 432 1596 invexit,
445 1530 561 1599 quamvis
569 1529 646 1582 nullis
656 1549 696 1582 co·
743 1532 887 1599 tationem,
905 1552 963 1602 quse
978 1537 1053 1590 nullo
1072 1537 1152 1591 modo
1167 1540 1252 1607 traje-

187 1610 286 1665 dicibus
295 1609 386 1662 sultam
396 1613 469 1662 :lam
478 1613 564 1670 modo,
570 1610 696 1676 mepos-
744 1610 858 1662 ctionem
867 1611 898 1663 ab
905 1609 950 1663 illo
958 1615 1117 1684 propositam
1125 1615 1235 1684 requirit
1246 1635 1252 1667 ι

187 1709 250 1742 sum.
269 1689 386 1742 Husebk.
408 1708 516 1742 omnem
534 1705 623 1740 versus
640 1685 695 1739 du·
742 1699 768 1741 et
776 1688 899 1758 uibiljam
909 1690 1046 1760 impediet,
1054 1711 1106 1761 quo
1114 1693 1202 1747 miuus
1211 1692 1253 1746 bic

187 1767 276 1820 ritiem
291 1776 368 1834 atque
384 1766 507 1819 orationis
528 1762 693 1816 insolentiam
742 1786 832 1820 versus
841 1767 974 1838 eleganter
986 1780 1012 1822 et
1023 1770 1095 1824 facile
1104 1771 1237 1841 procedat.

188 1843 243 1896 tolli
252 1862 325 1912 posse
336 1853 425 1911 putat,
436 1842 483 1895 bac
491 1841 632 1894 verborum
642 1852 696 1894 tra·
776 1845 816 1897 ab.
828 1847 922 1913 Longa
936 1849 1034 1898 deditus
1045 1866 1101 1899 esse
1115 1854 1169 1900 vie.
1188 1849 1253 1900 Hoc

187 1924 300 1989 jectione
313 1941 319 1973 :
331 1924 391 1974 Jam
404 1940 523 1987 possum,
541 1923 615 1973 modo
631 1940 693 1982 non,
743 1923 822 1975 verba
835 1923 866 1975 ab
879 1924 986 1994 Heynio
999 1924 1113 1976 contorti
1126 1924 1253 1977 sermonis

187 2007 317 2053 contentus
337 2005 418 2053 viem
426 2020 504 2068 parvo
519 1998 695 2052 :sententiam
742 2009 769 2051 et
786 1999 884 2068 ingenii
901 2019 955 2051 esse
971 1998 1111 2064 dicuutur,
1128 2000 1173 2067 qui
1191 2018 1251 2052 mos

187 2098 260 2130 suam
280 2077 395 2130 Huscbk
412 2077 448 2130 sic
466 2076 598 2129 declarat:
615 2096 629 2121 s
650 2076 697 2129 Ais
742 2075 1051 2129 addimotumdistichon
1062 2076 1250 2131 b.l.sublatum

188 2155 319 2219 Tibullus,
331 2172 404 2224 posse
416 2174 443 2206 se
456 2172 527 2206 nuuc
540 2163 695 2206 contentum
738 2155 888 2207 ‘esserelirm
903 2155 1037 2207 Lucretius
1050 2164 1137 2205 tamen
1149 2164 1175 2206 et
1186 2153 1251 2206 Ovi·

187 2236 274 2286 virere
294 2250 373 2302 parvo
388 2252 394 2295 3
411 2231 456 2284 sed
474 2249 528 2283 non
556 2231 693 2295 absolute3
742 2231 799 2286 dius
822 2232 927 2286 Tibullo
950 2251 1027 2301 opem
1048 2232 1125 2285 laturi
1152 2242 1246 2301 praesto

188 2309 421 2382 quandoquidem,
442 2320 471 2362 ut
487 2309 575 2363 scribit
593 2309 648 2376 IV,
666 2324 693 2372 1,
739 2320 816 2373 sunt3
835 2329 948 2379 quorum
961 2311 1049 2378 prior,
1061 2309 1105 2360 lib.
1121 2309 1171 2374 lV,
1184 2330 1249 2363 vers.

187 2409 252 2442 vers.
277 2391 343 2453 188,
365 2390 511 2440 desiderium
532 2396 648 2457 superest
670 2397 697 2439 el
741 2387 875 2459 settled*
882 2390 980 2439 deditus
993 2385 1072 2448 dixit3
1088 2386 1168 2451 alter,
1183 2386 1250 2439 Met.

187 2487 249 2521 cura
258 2478 370 2529 novatur,
383 2470 463 2532 Quum
470 2477 696 2522 memoranteactos
742 2466 826 2530 xtlt,
839 2487 885 2538 gar
898 2505 906 2531 ,
923 2467 1031 2518 aeduus
1047 2468 1184 2533 equoribus
1190 2466 1250 2534 jam

188 2565 284 2613 semper
294 2548 365 2597 dolor
375 2547 490 2598 admove!
503 2565 592 2598 annos.
606 2545 697 2614 Pergit
740 2554 793 2597 tum
802 2548 936 2598 exercebar
944 2551 972 2597 in
982 2548 1044 2597 ille's.

188 2624 304 2677 Huscbln
323 2622 497 2693 adfirmatque
519 2623 567 2677 boc
585 2624 662 2677 unice
679 2642 694 2675 a
776 2621 978 2690 27.Bentlei.ad
989 2620 1130 2687 Horatiil,
1144 2620 1251 2688 saevi,

189 2703 337 2757 doctissimo
353 2703 484 2757 Scbaesero
500 2705 602 2774 probari
615 2724 624 2768 ς
642 2703 694 2755 de·
744 2701 875 2766 126,1'ctus
882 2701 1011 2770 corrigere
1024 2700 1115 2753 maluit
1125 2701 1190 2753 citra
1201 2720 1251 2753 ne-

189 2782 268 2850 nique
282 2781 369 2835 addit:
385 2804 398 2829 s
417 2783 468 2836 Vel
480 2783 515 2837 sic
530 2794 618 2836 tamen
632 2800 695 2834 ma·
740 2777 893 2831 cessitatem.
902 2777 971 2829 Nam
983 2778 1110 2830 maximus
1122 2776 1251 2846 utsplen·

187 2858 233 2911 lim
241 2859 555 2930 versuminterpungereg
568 2863 695 2926 ,lampos-
741 2853 805 2920 dor,
826 2855 861 2907 ila
884 2867 960 2908 astus
983 2856 1107 2909 tribuitur
1125 2854 1249 2908 canicule

186 2959 260 2999 sum,
282 2942 356 2991 modo
376 2960 424 2992 mm
444 2950 589 3001 commus,
615 2945 696 2992 νήτην
741 2931 844 2984 orlendi-
857 2932 958 2984 Aloelu
969 2931 1064 2985 ceclssll
1078 2951 1085 2984 2
1098 2941 1187 2992 Δασίας
1200 2939 1249 2986 θά-

183 3034 276 3082 porvo,
293 3025 323 3067 ut
336 3014 457 3068 adverbia
465 3017 563 3083 jamet
578 3019 650 3069 modo
660 3015 693 3069 de
740 3033 791 3080 pugo
811 3014 851 3062 teo·
870 3012 981 3063 storbon
1005 3010 1111 3078 Koedpoer’
1134 3013 1249 3086 druptuaio

188 3091 291 3143 diverso
314 3101 432 3161 tempore
444 3103 582 3144 sumantur
594 3130 601 3157 ,
614 3110 695 3158 parvo
742 3095 816 3158 φυγὼν
827 3093 895 3149 κυνός.
910 3088 1061 3155 Homerus,
1079 3089 1152 3144 Iliad.
1166 3101 1203 3155 E,
1216 3092 1247 3156 4,

190 3179 279 3221 autem
290 3167 418 3221 reseratur
431 3167 507 3220 simul
521 3168 552 3220 ad
564 3178 694 3222 contentus
741 3184 820 3233 quem
834 3165 896 3218 citat
909 3164 1026 3218 Huscbk.
1039 3176 1095 3220 Δαῖι
1110 3173 1134 3219 dl
1149 3170 1172 3219 lx
1184 3172 1251 3249 gipu-

189 3259 215 3300 et
236 3247 267 3300 ad
283 3253 381 3308 vibere,
402 3247 467 3299 sicut
487 3246 555 3315 apud
574 3248 694 3316 Proper·
742 3249 810 3303 disse
824 3253 864 3297 καὶ
881 3244 977 3302 decedas
996 3245 1111 3311 ἀκάματον
1125 3247 1249 3317 tipdrrip

189 3329 273 3390 tium,
290 3326 345 3390 ΙΙΙ,
359 3342 408 3390 ιιι,
423 3328 463 3398 39.
473 3349 486 3372 n
498 3326 596 3380 Sensus
607 3327 693 3402 itaque
743 3325 843 3397 διωμνῷ
856 3326 977 3390 teeti-neos
989 3328 1011 3382 ἴς
1022 3348 1046 3377 τι
1062 3325 1164 3390 pitres«
1178 3332 1249 3389 Δαμ-

189 3406 239 3458 lori
251 3403 342 3470 hujus,
355 3402 375 3455 si
389 3404 523 3458 Huscbleio
531 3407 692 3472 consentias,
741 3424 793 3468 *pet
802 3402 947 3471 ταμφᾶῑνισι
958 3440 966 3465 s
979 3407 1106 3468 ltlwpu'vvs
1116 3409 1233 3455 Ωαιοαιῖν·

189 3483 240 3536 erit
253 3502 259 3535 ι
272 3484 316 3532 ille
323 3501 369 3547 ego
375 3487 418 3548 qui
424 3484 498 3534 modo
507 3502 556 3535 non
566 3492 694 3536 contentus
774 3480 813 3531 28·
827 3482 873 3532 Ad
880 3486 952 3533 rivos·
963 3479 989 3532 J.
1002 3481 1038 3532 H·
1048 3480 1121 3533 Voss.
1134 3479 1189 3534 buc
1202 3500 1250 3533 vo-

189 3579 256 3612 cram
263 3576 351 3623 parvo,
356 3557 415 3624 jam
422 3576 607 3625 possumparvo
615 3566 695 3613 vivere
741 3557 830 3611 cabula
836 3557 976 3626 superioris
982 3577 1071 3610 versus
1078 3576 1140 3610 voce
1147 3564 1249 3611 astrios

189 3645 333 3699 contentus;
343 3633 379 3685 ita
392 3632 433 3686 bie
442 3652 529 3686 versus
538 3646 564 3687 et
573 3645 627 3687 tota
636 3637 694 3689 Ele·
741 3646 863 3705 corrupta
874 3655 929 3690 esse
941 3635 1016 3699 dicit,
1031 3634 1247 3705 amplectiturque

191 3716 232 3784 gia
243 3713 339 3784 opponi
352 3713 511 3782 poteritloco
519 3715 628 3781 querulo
639 3735 695 3767 car-
741 3715 917 3781 conjecturam
932 3713 1095 3778 Burmanni,
1108 3719 1186 3764 rerum
1206 3708 1247 3762 vel

190 3796 268 3847 minis
281 3795 307 3848 in
319 3794 472 3860 Messalam(
482 3795 588 3865 182-191
600 3795 624 3859 ),
637 3813 694 3847 ma-
740 3799 820 3860 rrpam
833 3793 944 3847 scribere
957 3793 1086 3862 jubentis3
1097 3790 1142 3845 sed
1151 3808 1247 3859 perpe-

190 3871 274 3922 turius
297 3871 364 3925 baud
383 3870 460 3923 dubie
479 3879 505 3923 et
523 3889 555 3922 eo
576 3881 693 3939 tempore
742 3892 798 3925 ram
809 3871 883 3935 ,licet
895 3872 967 3924 enim
978 3871 1094 3940 exempla
1104 3878 1245 3938 congerat,

138 3973 140 3979 ·
189 3949 463 4018 scripti,quonondurn
471 3968 550 4020 parvo
556 3961 694 4005 contentus
741 3951 786 4003 ubi
798 3952 868 4003 rivus
879 3951 1001 4020 singulari
1014 3968 1126 4003 numero
1137 3968 1246 4018 usurpa·

189 4035 245 4076 erat
257 4025 382 4080 Tibullus.
394 4027 489 4094 Vides,
505 4027 585 4081 amice
597 4026 693 4096 lector,
742 4038 801 4094 tur,
815 4028 879 4080 nibil
891 4027 941 4080 boo
951 4026 1176 4097 modoprolrcie13
1195 4046 1246 4081 nec

191 4112 287 4171 quanta
303 4101 435 4174 diligentia
449 4105 609 4162 doctissimus
624 4107 694 4176 quis·
742 4106 868 4176 impedire
878 4107 981 4177 poterit,
990 4127 1043 4177 quo
1050 4107 1138 4161 miuus
1145 4108 1193 4162 alia
1202 4110 1245 4162 in-
