2722 4762
260 357 531 422 contentus
560 355 621 420 ET
652 360 990 427 EDl'l’loNlBUS·
1139 370 1168 436 lv

88 491 307 556 inbibliotbees
322 490 414 573 Regia
431 489 557 552 Parisino
568 515 622 568 „n
642 492 713 576 976.
728 495 808 556 Nota
829 516 945 577 quoque
964 496 1019 560 luit
1035 499 1166 564 Bartbio.

88 591 294 654 .....Nonnullae
313 589 345 650 in
368 611 430 651 eaa
451 591 564 672 vulgata
580 591 775 666 diversitates,
796 591 926 670 inprimis
948 594 980 654 in
1004 596 1078 673 libro
1097 602 1163 676 lV,

88 705 192 758 mant:
216 693 284 755 vitia
299 713 369 754 rero
390 690 548 781 scripturae
565 691 681 765 eadem,
712 717 777 776 quae
801 693 832 754 in
858 694 972 778 seriptis
997 713 1165 774 occurrunt,

89 803 202 862 Poterat
209 798 342 868 tamenin
350 796 493 880 plerisque
502 818 566 857 cum
579 798 684 860 Italicis
695 798 826 872 Heinsii,
837 799 977 878 imprimis
987 802 1161 879 Colotiano,

90 900 242 964 convenire
266 898 366 960 rideri.
393 898 522 958 Primum
540 897 571 957 in
594 896 646 959 bae
668 895 794 959 editione
815 897 952 985 cyllenii,
965 905 1162 966 commentarii

89 1001 194 1085 vulgati
210 1000 312 1073 inere,
336 1019 398 1058 non
414 998 446 1057 in
461 997 571 1058 Veneta
591 994 689 1080 1493,
719 1007 752 1055 ut
774 995 841 1057 olim
857 998 1002 1061 Fabricius
1023 1001 1159 1065 tradebat.

89 1107 176 1186 (Bibl.
191 1109 254 1167 lat.
272 1109 337 1177 tl,
351 1127 427 1192 pqr
440 1149 449 1180 ,
463 1103 508 1164 ed.
525 1101 655 1189 Ernest.)
671 1105 774 1189 Neque
789 1115 883 1165 umen
895 1104 920 1166 is
931 1107 993 1191 ipse
1004 1108 1161 1170 editionem

88 1208 238 1268 adornasse
257 1204 389 1277 videtur,
406 1203 451 1266 vel
465 1201 551 1264 verba
566 1198 675 1261 Tibulli
692 1201 863 1284 castigasse:
879 1203 967 1281 ipsius
983 1207 1059 1267 enim
1076 1207 1164 1271 lectio

88 1318 226 1387 perpetuo
242 1303 277 1364 ab
293 1325 324 1364 ea
339 1301 421 1374 abit,
443 1325 507 1384 quae
521 1301 552 1361 in
564 1312 644 1363 testu
657 1312 795 1363 servatur.
811 1302 980 1362 Doctrinam
999 1324 1069 1365 vero
1086 1305 1173 1375 illins

89 1404 182 1467 viriet
192 1403 342 1486 ingenium
354 1413 416 1462 tum
426 1401 458 1462 in
470 1399 725 1479 interpretatione,
737 1413 799 1461 tum
813 1401 844 1461 in
853 1400 968 1475 eritius,
980 1403 1005 1463 si
1018 1415 1163 1482 tempora,

89 1504 118 1562 in
133 1501 238 1584 quibus
254 1500 343 1575 risit,
361 1498 546 1575 consideres,
566 1499 633 1561 satis
649 1498 779 1560 admirari
797 1520 858 1561 non
874 1500 982 1577 possis;
1000 1501 1076 1561 un'de
1088 1504 1165 1563 Bar-

90 1599 164 1660 tbins
179 1598 215 1659 ad
229 1596 313 1659 Statii
328 1596 422 1658 Theb.
440 1613 496 1672 tv,
512 1596 595 1672 445,
613 1596 648 1656 de
660 1618 696 1658 eo
711 1596 854 1677 loquens:
875 1621 890 1647 α
902 1599 984 1679 cnjus
1005 1619 1070 1659 sane
1084 1598 1164 1662 labor

91 1700 185 1760 multis
200 1699 273 1760 loeis
290 1697 414 1759 illustrat
429 1697 530 1778 elarius
547 1696 690 1775 optimum
708 1705 842 1776 poetam,
868 1717 950 1775 quarn
970 1715 1005 1755 es
1023 1699 1083 1779 ejus
1101 1721 1165 1760 sevo

92 1798 195 1876 sperari
205 1807 352 1878 poterat.»
370 1794 472 1856 Edidit
488 1795 564 1856 enim
576 1798 626 1857 sua
640 1792 841 1856 commentaria
857 1795 962 1856 Romae
979 1794 1057 1879 1475
1067 1811 1075 1836 ¹
1087 1840 1096 1870 ,
1109 1813 1165 1859 ete.

92 1896 203 1957 Laudat
216 1917 282 1956 enm
296 1894 401 1978 passim
417 1895 501 1955 etiam
508 1879 727 1956 broukhusius.
745 1893 831 1955 Conl.
844 1895 1001 1958 Memorab.
1019 1896 1087 1957 bibl.
1103 1921 1164 1983 reg.

94 1992 198 2056 Dresd·
210 2005 230 2053 t.
243 1996 255 2053 l
268 2036 278 2067 ,
295 2014 323 2076 p.
341 1992 398 2066 411
412 2035 421 2065 ,
439 1990 489 2053 nbi
504 1990 540 2051 de
551 1989 683 2073 Cyllenio
695 1991 833 2052 nonnulla
846 1991 931 2054 docte
943 1992 1133 2071 disputantur.
1145 2026 1160 2049 ι

95 2095 166 2155 Haec
179 2093 218 2154 ait
231 2093 373 2176 Heynius.
386 2093 461 2155 Sane
470 2089 626 2154 dolendum
640 2103 704 2165 est,
722 2112 782 2155 nou
794 2091 945 2174 perfecisse
957 2094 1165 2158 bernardinum

95 2194 256 2279 Cyllenium
274 2194 331 2260 vel,
342 2194 518 2267 Cilleniunr,
541 2191 620 2274 quod
635 2191 671 2253 sd
689 2193 793 2253 calcem
809 2195 1005 2255 commentarii
1019 2198 1166 2278 professus

94 2305 137 2354 est
146 2281 191 2355 bis
203 2290 318 2376 verbis:
334 2279 479 2354 Hactenus
494 2313 528 2352 ex
542 2290 660 2376 ingenio
672 2304 773 2354 nostro
789 2291 898 2354 Tibulli
912 2293 1014 2377 elegias
1029 2297 1168 2358 enodari-

95 2413 177 2468 mus,
197 2391 378 2470 prosecuturi
392 2389 602 2453 lucubrationes
616 2403 721 2473 coeptas
733 2392 764 2451 in
776 2394 959 2471 Propertium
973 2405 1003 2454 et
1020 2393 1119 2476 longas
1134 2396 1166 2454 in

96 2489 240 2553 Catullum
252 2490 511 2575 peregrinationes,
529 2490 554 2550 si
569 2511 603 2551 cx
619 2490 664 2551 bis
681 2491 792 2552 bbores
807 2491 901 2553 nostri
912 2491 1119 2573 probabuntur.

132 2590 206 2650 Hire
222 2589 351 2673 ltomapa
364 2587 454 2650 editio
471 2587 585 2649 classica
603 2588 659 2649 diei
678 2588 831 2669 haberique
855 2589 959 2664 debet,
986 2592 1017 2650 in
1038 2593 1167 2654 universa

94 2688 220 2748 lectione
233 2686 391 2769 discrepans
405 2707 421 2746 a
435 2684 647 2763 superioribus,
662 2686 711 2747 sed
726 2685 857 2746 &miliani
868 2686 975 2748 ducens
987 2688 1024 2746 in,
1033 2690 1166 2770 exemplis

97 2785 196 2847 saeculi
213 2785 266 2846 XV
278 2784 412 2867 reliquis,
427 2783 547 2848 Venetis
559 2781 674 2864 quidem
686 2825 695 2855 ,
716 2782 821 2864 quibus
835 2784 948 2845 additus
959 2795 1004 2845 est
1017 2806 1168 2848 commen-

97 2882 187 2964 tarius
210 2880 349 2964 Cyllenii,
375 2879 508 2942 omnibns
531 2880 566 2940 ab
587 2901 633 2939 an.
660 2876 755 2952 1485,
776 2881 823 2943 rel
848 2877 923 2963 1467
938 2922 947 2955 ,
965 2883 1104 2963 usquead
1120 2906 1166 2945 an.

101 2979 301 3053 ibon-1520,
322 2999 387 3060 quae
401 2989 496 3038 tamen
509 2976 651 3058 paullatim
669 2976 757 3062 magis
773 2976 940 3060 magisque,
960 2976 1167 3044 interveniente

101 3079 257 3163 prunum
273 3079 416 3151 brantio,
435 3074 470 3137 ab
483 3063 530 3138 illa
543 3075 741 3137 discesserunt.
760 3076 910 3159 Discrepat
924 3099 956 3138 ea
970 3100 1167 3160 saepenumero

100 3183 231 3243 aVenet.
244 3202 292 3241 an.
308 3179 404 3262 1471,
420 3189 453 3254 nt
467 3179 548 3263 l,31,
564 3175 620 3252 54,
636 3176 685 3236 nbi
702 3179 814 3238 hostiles
829 3177 917 3241 babet
929 3200 1000 3241 curn.
1011 3180 1080 3242 edit.
1098 3183 1167 3244 min.

100 3300 144 3339 an.
164 3280 251 3363 1471.
272 3275 413 3339 Rartolin.
430 3287 460 3335 et
472 3267 576 3336 Veneta
591 3296 634 3335 an.
662 3271 756 3356 1475,
776 3297 830 3352 pro
845 3278 943 3337 exiles.
965 3279 1076 3339 Rursus
1098 3279 1166 3342 ibid.

102 3403 128 3442 s.
156 3379 221 3464 57,
252 3378 389 3451 exhibet,
414 3373 482 3436 Nou
497 3396 546 3454 ego
566 3375 681 3436 mauu
699 3375 785 3456 cupio
807 3397 862 3454 pro
883 3399 965 3451 euro,
990 3380 1069 3460 quod
1092 3382 1168 3445 inest

73 3658 79 3668 ’
130 3645 139 3675 ¹
157 3641 236 3694 Hunc
249 3637 349 3692 Bartbii
365 3636 449 3690 locum
462 3636 548 3689 laudat
560 3636 650 3689 Serius
666 3636 694 3688 in
709 3635 805 3707 Onom.
817 3638 902 3693 Litter.
916 3641 946 3694 P.
959 3643 1001 3708 ll,
1022 3664 1045 3714 p.
1059 3644 1125 3710 476,
1147 3657 1170 3695 et
1234 3691 1236 3694 ,

99 3745 183 3789 umen
197 3730 286 3784 scribit
305 3729 375 3805 ipse:
390 3729 585 3782 «bernardinus
600 3726 748 3801 Cyllenius,
763 3728 933 3799 Veronensis,
954 3732 1009 3784 aliis
1024 3732 1091 3784 nude
1103 3732 1171 3787 Ber-

99 3824 226 3877 nardinus'
234 3817 408 3886 Veronensis,
430 3817 596 3889 Philologus,
613 3818 663 3870 boc
676 3838 743 3871 auno
761 3822 837 3889 1475,
857 3823 950 3895 primus
958 3822 1093 3891 Tibullum
1113 3844 1170 3877 eum

99 3911 292 3967 Commentario
301 3909 380 3962 edidit
385 3908 507 3962 Venetiis.
517 3932 530 3955 u
538 3909 594 3961 Nee
599 3907 731 3962 Tibullum
740 3911 819 3964 edidit
827 3911 971 3984 Cyllenius,
982 3933 1029 3965 nec
1037 3912 1173 3969 Commen-

100 3999 176 4049 tarius
188 3994 286 4068 prodiit
295 4011 364 4045 anno
377 3992 509 4057 Venetiis,
523 3993 566 4044 sed
578 3993 683 4058 ltomse,
696 4005 814 4045 monente
826 3993 874 4046 boc
886 3994 977 4059 etiarn,
993 4015 1068 4066 quern
1082 3999 1172 4052 Sarius

99 4087 159 4140 citat
163 4127 173 4154 ,
189 4086 327 4138 Camussto
340 4083 369 4135 in
384 4083 525 4139 Observstt.
538 4081 571 4134 ad
584 4081 700 4135 Cisconii
713 4081 851 4149 Biblines,
866 4104 889 4155 p.
902 4083 958 4155 396.
