2828 4762
189 364 235 450 44
518 366 670 436 Auru
704 361 931 436 muttum

237 501 400 577 Paulatim
418 532 535 579 somno
553 505 637 579 fessa
656 501 801 577 remittat
818 530 912 604 opus.
954 519 956 521 ’

187 620 284 692 Tune
301 620 427 694 veniam
447 620 580 708 subito,
599 648 659 694 nec
677 621 852 720 quisquam
872 618 1006 693 nuntiet
1023 633 1121 693 ante:

239 736 304 807 Sed
322 736 434 810 videar
447 735 530 810 ‘caelo
549 736 669 810 missus
687 736 800 810 adesse
819 734 893 838 tibi.
1226 772 1260 826 9⁰

186 848 284 921 Tunc
301 849 399 938 mihi,
420 849 527 952 qualis
543 835 625 936 dris,
646 836 768 945 lorigos
786 839 920 924 tuibata
938 839 1091 950 cdpillos,

238 963 349 1036 Obvia
366 965 512 1050 nudato,
532 960 648 1050 Delia,
667 986 761 1036 curre
779 960 884 1064 pede:

193 1080 268 1154 Hoc
283 1110 421 1181 precor,
440 1081 529 1155 bunc
548 1079 641 1154 illum
657 1079 757 1154 nobis
771 1083 904 1154 Aurora
920 1078 1079 1154 nitentem

186 1237 309 1308 lata,regl
319 1238 539 1308 Vercingetorigis
545 1248 680 1292 cosetnneo
690 1260 698 1299 ς
746 1251 770 1289 J·
779 1247 871 1300 μηῑιιιῐ
884 1248 961 1287 emtor
973 1248 1002 1286 du
1014 1249 1085 1287 enm·
1101 1248 1193 1301 mpyrse
1203 1276 1210 1296 ,
1221 1255 1259 1286 ue.

186 1319 367 1371 nossinceram
375 1316 472 1371 Tibulli
481 1317 635 1388 scripturam
645 1336 697 1370 ser·
745 1349 780 1361 -
788 1322 890 1374 Nudato
898 1322 972 1387 pede.
981 1320 1082 1389 Nempe
1097 1319 1205 1385 calceis,
1219 1317 1261 1375 vel

105 1445 109 1453 ,
186 1415 285 1450 vernus.
299 1395 409 1464 Vulpius
419 1393 506 1448 scribit
519 1415 525 1447 z
536 1418 548 1439 «
559 1394 697 1466 Puellahic
746 1398 822 1452 soleis
835 1417 889 1468 prse
898 1398 1065 1452 festinatione
1085 1396 1181 1451 relictis
1191 1419 1198 1461 ;
1210 1395 1260 1448 nisi

187 1493 329 1527 nonunam
340 1485 442 1528 tantum
454 1473 633 1546 ancillam‚sed
643 1472 696 1542 plu·
747 1477 846 1531 referre
860 1476 934 1530 molis
947 1477 979 1530 ad
992 1488 1092 1530 vestem
1114 1476 1189 1529 altius
1207 1475 1262 1528 sd·

187 1575 228 1608 res
234 1555 338 1609 videtur
345 1553 490 1624 significare
499 1573 505 1605 :
514 1552 585 1621 quasi
594 1548 698 1608 diluisset
747 1553 873 1608 strictam.
883 1554 925 1608 De
935 1573 987 1624 qua
997 1574 1025 1608 re
1033 1554 1091 1608 vide
1104 1552 1262 1621 interpretes

188 1645 278 1688 noster
290 1637 479 1700 mullapuella,·
491 1634 660 1701 nequeenim
672 1637 698 1687 ri
747 1634 780 1688 sd
792 1635 904 1687 Homeri
915 1635 1017 1707 Hymn.
1026 1635 1053 1686 in
1064 1632 1209 1697 Cererem,
1222 1652 1258 1687 vs.

186 1717 256 1764 circa
267 1713 313 1764 uni
329 1721 432 1764 tautum
445 1721 529 1779 potest
542 1728 697 1764 accommo-
750 1711 811 1780 176,
827 1711 875 1765 sed
885 1711 951 1764 illud
959 1711 1078 1781 prefero.
1088 1712 1218 1765 Huscnt.

188 1789 252 1842 dari.
267 1812 280 1836 u
294 1789 426 1842 Brouclrh,
443 1788 540 1857 aliquid
552 1787 654 1857 profert
663 1787 696 1842 de
780 1792 821 1863 93
839 1793 897 1845 Hoc
901 1812 998 1859 precor.
1012 1794 1045 1846 ln
1057 1803 1129 1845 serto
1142 1788 1262 1845 Palatino

186 1866 294 1921 servulis
303 1868 395 1937 puellse
401 1867 573 1937 peculiaribus
579 1864 695 1937 (bocest,
747 1880 820 1934 erat,
832 1889 899 1922 nuuc
905 1889 1007 1937 precor,
1019 1868 1090 1923 unde
1103 1867 1261 1922 Gebhardus

188 1965 246 2016 quat
264 1946 290 2000 in
306 1947 407 2016 peculio
425 1946 540 2014 lorent).
553 1947 643 2001 Potuit
656 1956 698 2000 ts-
745 1952 812 2001 dunc
826 1966 916 2014 precor
935 1947 1063 2013 effinxit,
1085 1945 1221 2016 quomodo
1234 1955 1262 2000 et

187 2042 249 2077 men
269 2035 297 2077 et
317 2043 369 2078 una
390 2025 458 2078 circa
482 2024 619 2077 dominam
641 2041 696 2076 este
746 2039 807 2082 ante
818 2026 893 2080 illum
906 2027 1020 2082 Achilles
1030 2046 1061 2080 ex
1071 2036 1182 2080 vetusto
1192 2026 1258 2080 scri·

189 2101 257 2165 dici;
278 2104 340 2171 quin
355 2104 421 2157 adeo
438 2104 559 2157 ancillam
573 2104 614 2157 hic
632 2101 699 2156 nul·
747 2118 830 2175 pturse
852 2105 971 2174 vestigiis.
996 2105 1030 2158 Et
1052 2114 1122 2157 recte
1144 2123 1190 2156 eos
1213 2101 1260 2156 le-

187 2178 240 2231 lam
251 2178 328 2233 aliam
340 2180 433 2247 video,
447 2200 527 2250 quarn
538 2198 620 2234 auum
629 2180 699 2233 illam
746 2184 809 2240 cisse
827 2183 943 2236 ostendit
961 2181 1054 2235 tertius
1070 2199 1145 2234 meus
1161 2179 1260 2245 codes,

187 2256 293 2311 labellos
307 2269 470 2312 narrantem.
481 2260 572 2327 ltaque
585 2260 622 2312 H.
635 2259 660 2308 V
662 2278 700 2312 os·
747 2263 775 2316 in
788 2280 841 2332 quo
860 2261 966 2332 liquidis
984 2260 1083 2314 litteris
1093 2262 1160 2313 lruaec
1171 2277 1263 2326 precor

188 2337 227 2389 sio
238 2339 391 2403 consentio,
401 2338 445 2408 qui
457 2340 506 2392 sub
518 2338 603 2406 puella
615 2338 699 2407 ipsam
748 2349 883 2394 exaratum
897 2339 1009 2409 legitur:
1020 2338 1090 2408 quod
1103 2340 1259 2419 etercerptb

187 2413 358 2485 subintelligit
371 2415 485 2468 Deliam.
503 2444 536 2456 ·-
556 2417 630 2473 circa
645 2427 700 2470 tarn
748 2418 860 2473 Antonii
876 2417 962 2471 Pereii
976 2422 1130 2487 agnoscunt.
1146 2416 1260 2485 Quale·

189 2490 222 2544 de
235 2491 343 2562 singulis
357 2511 438 2561 quam
450 2493 482 2548 de
496 2491 612 2561 pluribus
624 2512 702 2546 rusur-
747 2498 814 2563 ctio,
842 2507 942 2567 quanto
960 2497 995 2551 sit
1017 2496 1126 2550 alacrior
1144 2494 1260 2567 vulgari,

133 2613 134 2617 ,
189 2569 245 2637 pari
256 2569 353 2624 docent
363 2570 458 2626 Drack
470 2570 502 2624 ad
511 2570 565 2624 Lir.
578 2581 641 2624 tom,
656 2572 700 2637 11,
748 2595 829 2630 nemo
845 2574 992 2628 conridet.
1007 2575 1096 2629 Etiam
1108 2578 1257 2643 proillurr,

189 2667 246 2717 pag.
267 2649 337 2712 385,
355 2648 441 2704 Ducti.
457 2648 489 2703 ad
517 2650 644 2714 Florum,
656 2649 701 2702 lib·
750 2652 1072 2725 quodparumcommode
1082 2652 1262 2723 hucquadrst,

190 2726 295 2781 xvltl.
313 2726 406 2783 Grsece
419 2746 525 2799 quoque
540 2728 646 2792 dicunt,
661 2736 702 2790 riv
749 2739 847 2788 utinam
868 2731 1065 2787 restituendum
1080 2731 1208 2797 arbitror,
1218 2748 1263 2783 so-

191 2812 241 2879 repl
252 2814 293 2867 τὴν
305 2811 423 2861 δέσποιναν
438 2809 589 2882 sepulerum.
603 2805 700 2860 Melius
749 2809 807 2863 bris
815 2808 970 2879 acpudente
982 2807 1148 2868 imitatioue;
1161 2808 1263 2859 siccer-

190 2896 262 2939 certo
270 2885 303 2937 ad
311 2885 417 2940 Deliam
423 2885 702 2954 cricarelemetquam
751 2899 776 2943 te
786 2889 873 2954 Naso,
884 2887 964 2941 Trist.
976 2888 1020 2940 tib.
1033 2887 1092 2951 lll,
1105 2885 1144 2936 ΕΙ.
1156 2901 1183 2950 ν,
1195 2902 1262 2937 vers.

191 2963 224 3015 ad
238 2964 358 3018 ancillam
370 2987 376 3030 ;
386 2965 418 3019 de
427 2965 555 3020 hscenim
566 2964 702 3035 superiore
750 2966 790 3020 δᾶ
801 2988 815 3010 ι
826 2967 907 3019 Hunc
918 2964 1021 3017 utinam
1031 2961 1108 3016 nitidi
1120 2960 1182 3015 solis
1192 2979 1262 3030 pre-

192 3038 303 3094 disticbo
321 3061 410 3096 sermo
430 3054 477 3100 est.
494 3044 647 3096 Verborum
659 3061 703 3096 se·
751 3044 860 3098 nuntius
872 3054 961 3099 ortum
975 3040 1199 3095 Allerstadmisso
1213 3039 1263 3091 Lu·

192 3117 704 3188 riemsirespicias,omniaexVossiiin·
751 3122 816 3178 citer
824 3121 1264 3191 elbusequo.»Bsouct.-T3hssc

192 3199 381 3264 terpretatioue
389 3199 482 3254 ordine
490 3199 596 3254 cadunt
609 3197 701 3267 Quin,
750 3198 1264 3255 athanailrouckbusioinveotumcon·

194 3276 264 3330 locus
279 3277 315 3331 sic
332 3278 479 3334 intellectus
496 3298 604 3334 sensum
625 3278 702 3347 longe
752 3278 876 3332 firmatur
889 3278 917 3331 in
936 3296 990 3331 uno
1003 3277 1071 3330 libro
1084 3276 1120 3329 tt.
1135 3272 1263 3328 Vossiim..

192 3352 346 3411 viridiorem
368 3356 450 3412 efficit
467 3356 563 3412 :Delia
587 3357 704 3411 adventu
751 3357 795 3410 sed
815 3358 889 3411 Voss.
907 3358 1015 3426 longam
1028 3355 1110 3409 nectit
1127 3353 1262 3417 fabulam,

194 3431 291 3487 Tibulli
296 3436 382 3490 subito
391 3456 406 3490 e
416 3456 520 3504 somno,
532 3436 578 3506 qui
585 3453 644 3490 eam
654 3452 705 3504 op·
751 3446 782 3489 ut
788 3434 907 3504 explicet,
915 3438 1061 3501 bocprecor,
1068 3436 1116 3486 hoc
1121 3430 1264 3502 legendum

194 3524 337 3581 presserat,
346 3513 533 3585 expergefacta,
546 3513 648 3569 nudato
656 3533 706 3583 pe·
752 3532 821 3576 ουκ
830 3515 879 3566 hoc
886 3511 999 3578 enimsi
1007 3513 1031 3565 ei
1042 3509 1169 3573 confidas,
1179 3507 1263 3561 tibra-

197 3588 229 3642 de
241 3589 364 3647 adcurrit.
752 3594 856 3648 riorum
863 3593 965 3647 inscitia
974 3592 1101 3661 paulatim
1110 3592 1137 3643 in
1143 3592 1210 3641 hunc
1219 3585 1265 3640 de·

227 3671 268 3742 89.
282 3673 352 3728 Tunc
362 3672 662 3728 murmurantium
672 3677 706 3746 tp·
753 3673 897 3744 generavit
904 3670 1043 3727 &bradei-
1052 3668 1170 3737 conjicit:
1181 3688 1194 3717 u
1203 3666 1264 3718 Hoc

196 3758 279 3813 zuen
287 3753 399 3819 ι’ξακὶνης.
409 3751 501 3805 Veteri
511 3750 651 3821 proverbio
660 3747 706 3819 qui
753 3771 856 3823 precor,
866 3751 938 3805 bunc
948 3750 1013 3805 olim
1022 3746 1096 3802 nobis
1105 3746 1209 3798 Aurora
1220 3740 1266 3795 ni-

195 3828 281 3883 subito
288 3830 408 3897 veniunt,
418 3830 480 3885 celo
490 3828 561 3886 missi
573 3829 706 3886 dicuntur.
754 3819 1265 3889 tentemLuciferumroseisconcitapor

228 3930 268 3982 9¹·
287 3910 359 3965 Tunc
369 3913 443 3972 niti,
457 3913 540 3978 qualis
549 3913 610 3970 eris,
617 3912 706 3976 Ioaeffos
754 3921 793 3965 tet
805 3908 887 3979 equis.
901 3930 915 3957 a
931 3905 986 3961 Sed
1000 3904 1054 3958 baec
1065 3902 1218 3969 conjecturs
1228 3899 1262 3952 ti-

195 3992 296 4043 taerbeta
319 3993 434 4058 capillos.
461 3981 574 4046 erttt
595 3987 631 4043 sic
650 3987 706 4042 lere
754 3992 865 4045 brorum
873 3986 1026 4041 auctoritate
1034 3991 1113 4036 caret.
1126 3980 1208 4034 Nobis
1217 4001 1265 4036 ve·

198 4078 320 4121 nostrum
331 4066 448 4121 imitatus
459 4077 499 4124 est
510 4086 517 4120 ι
755 4090 787 4126 ro
794 4068 877 4139 placet
884 4063 1011 4133 scriptura
1018 4071 1121 4129 recepta
1131 4061 1264 4126 :Hocpre-

200 4159 506 4212 renueniroutd'ureoupm
513 4158 597 4201 nescire
603 4169 707 4206 monstri
759 4169 809 4213 cor,
825 4151 891 4201 hunc
900 4148 970 4200 lam
983 4146 1074 4208 1θὸἱῖῐῇ
1086 4159 1150 4196 mm
1162 4157 1264 4210 prono·
