2828 4762
227 337 264 398 18
546 334 698 402 ALBII
729 335 959 403 TIBULLI

217 479 344 565 Janue,
361 467 426 575 jam
444 462 556 602 pateps
573 471 632 574 dni
648 475 734 550 mihi
747 477 832 551 victe
851 474 1013 578 querelis,
1116 474 1127 490 '

267 600 342 673 Neu
359 597 472 672 surtirn
490 626 584 671 verso
602 586 733 671 cordine
750 614 860 696 aperta
879 586 991 670 sones.

218 713 264 784 Et
281 711 366 786 mala
381 712 411 785 si
427 741 492 815 qua
509 712 573 786 tibi
589 711 673 785 dixit
690 710 853 785 dementia
868 727 1003 796 nostre,

267 829 440 922 ignoscam
460 826 559 926 capiti
575 825 661 912 sint,
678 853 814 926 precor,
833 824 890 899 itta
906 852 990 898 meo.

217 943 267 1014 Te
284 941 469 1016 meminisse
485 942 597 1029 decet,
618 969 691 1041 que
707 938 849 1042 plurima
864 967 942 1014 voce
960 937 1073 1039 peregi

267 1055 442 1158 supplice,
462 1088 564 1159 quum
580 1059 670 1159 posti
685 1056 785 1131 florea
804 1073 891 1131 serta
907 1056 1027 1129 darem.

216 1173 270 1245 Tu
287 1201 420 1275 quoque
435 1201 477 1248 ne
494 1172 607 1248 timide
624 1172 796 1260 custodes,
813 1171 926 1261 Delia,
945 1167 1030 1278 suile.
1250 1191 1282 1244 15

264 1287 540 1390 Audendum-lest.
559 1288 675 1362 Fortes
692 1286 823 1386 adjuvat
839 1287 911 1389 ipsa
927 1276 1051 1394 Verius.

248 1464 272 1517 9.
283 1447 380 1498 Patras
387 1448 463 1497 victa.
476 1442 570 1498 Intrat
581 1480 588 1508 ,
601 1441 676 1513 Eleg.
687 1462 723 1509 r,
771 1443 900 1497 invenisse
908 1443 1192 1498 testaturAch.Statius
1199 1443 1280 1499 Com·

213 1543 250 1576 vs.
261 1523 292 1591 67
302 1562 310 1589 ,
320 1542 366 1575 acc
378 1525 460 1576 serbis
473 1527 543 1575 victa
551 1520 659 1588 lrtte'scit
672 1525 724 1574 Ja-
772 1532 855 1575 ment.
868 1522 895 1575 in
909 1520 1004 1576 Catuli.
1021 1542 1046 1591 p.
1060 1522 1116 1575 udo.
1133 1522 1280 1576 Bnoucxn.

213 1616 283 1662 nna,
298 1600 343 1653 ubi
351 1600 463 1652 maxima
473 1600 601 1653 librorum
609 1620 667 1669 pars
674 1600 725 1653 he-
771 1601 839 1653 ·-J.
853 1600 890 1653 H.
901 1602 977 1654 Voss.
988 1599 1128 1654 lectionem
1137 1603 1220 1670 storea
1233 1620 1281 1670 pa-

214 1679 260 1733 bet
270 1684 388 1746 patescit.
399 1679 491 1749 Virgil.
502 1678 599 1750 Georg.
613 1682 644 1747 1,
660 1683 722 1747 180,
772 1679 837 1733 riter
848 1680 981 1749 amplexus
991 1689 1044 1742 est;
1058 1679 1103 1734 sed
1115 1679 1173 1734 loco
1183 1692 1221 1735 τοῦ
1231 1683 1282 1733 da-

214 1757 247 1810 de
261 1776 321 1811 aree
332 1755 540 1826 complanand23
564 1760 604 1811 Ne
618 1761 726 1811 subeant
771 1759 1060 1829 remreposuitdabam,·
1072 1759 1279 1829 preuxenshoc,

211 1839 313 1898 terte,
339 1856 386 1889 neu
400 1839 502 1904 pulvere
523 1841 593 1890 oe'cta
604 1837 724 1905 fatiscat.
772 1836 903 1890 actionem
911 1836 1105 1904 infinitam,vel,
1115 1848 1145 1890 ut
1154 1838 1278 1906 hicsepe,

214 1914 279 1984 Quo
288 1915 346 1968 loco
357 1914 724 1986 Heyniusverbumvr'ctaor-
771 1915 1080 1984 repetitumsigniiicare,
1095 1914 1157 1969 ittud
1166 1934 1281 1969 veruac-

212 2005 290 2048 netus
300 2011 376 2047 cause
387 1992 519 2062 adjectum
531 1994 573 2047 eit.
588 1992 641 2046 Sed
654 1997 727 2047 or'rrci
772 1990 872 2045 tionem
893 1991 1037 2046 definitam.
1059 1993 1096 2045 At
1116 1993 1151 2045 H.
1168 1993 1243 2045 Voss.
1264 2011 1280 2044 a

212 2071 723 2143 exusupoetarumuniversoedicuutur
768 2069 918 2123 doctissimo
939 2071 995 2122 viro
1019 2069 1153 2123 Huschkio
1177 2070 1278 2139 optime

210 2170 253 2204 res
260 2148 541 2214 solidaeetclausae,ubi
550 2148 651 2202 aditum
659 2168 723 2218 prae·
768 2146 913 2210 retentum
926 2148 946 2201 is
962 2149 1034 2200 enim
1053 2148 1135 2201 tribus
1153 2147 1279 2217 exemplis

140 2250 142 2255 ·
210 2229 492 2298 bent,velpeteseunt.
504 2226 634 2280 Pindarus
643 2228 722 2280 Nem.
768 2224 932 2278 demonstrat
943 2226 1074 2295 potiorem
1091 2244 1146 2279 esse
1162 2235 1279 2278 seuten-

213 2309 270 2373 IX,
280 2329 309 2374 2,
320 2307 354 2360 de
362 2308 441 2376 jenua
450 2304 570 2358 Chromii
578 2303 722 2374 hospitibus
768 2304 831 2367 tiam
845 2303 990 2357 secundum
1004 2324 1083 2373 quem
1096 2305 1279 2373 conjunctivus

211 2396 317 2456 patente
342 2407 349 2440 :
371 2385 414 2442 ἕνθ’
436 2387 620 2453 minamine
643 2392 722 2453 friso»
768 2398 872 2449 quoque
889 2381 1065 2450 frequentiam
1077 2380 1193 2435 denotat.
1205 2381 1279 2436 Dixit

213 2471 338 2518 νενίκανται
352 2468 432 2536 θύραι.
451 2462 578 2515 Huscux.
767 2459 840 2512 enim
852 2461 955 2528 Varro,
967 2460 1000 2514 R.
1010 2460 1042 2514 R.
1052 2460 1097 2513 lib.
1111 2462 1153 2515 ΠΙ
1164 2499 1171 2526 ,
1183 2480 1194 2514 1
1205 2462 1281 2515 :Fuit

252 2559 288 2593 ro.
302 2541 364 2592 Neu.
382 2539 416 2592 Is.
429 2538 516 2592 Vossii
529 2538 628 2608 primus
641 2538 722 2592 codex
766 2549 874 2605 tempus,
885 2557 959 2606 quum
964 2541 1139 2594 retrocederent
1147 2540 1276 2601 homines,

213 2619 293 2672 habet
301 2637 361 2676 uec.
373 2617 431 2671 loeo
443 2626 549 2676 vaureu,
562 2615 721 2687 quodetiam
766 2619 932 2684 nequeurterr
938 2619 1062 2670 habereut.
1071 2616 1279 2686 Reliquaexem·

212 2699 325 2752 editioni
334 2698 396 2750 enni
411 2699 472 2766 ¹47²
482 2696 559 2750 inest.
768 2694 809 2763 pla
823 2713 880 2747 non
895 2713 959 2764 opus
971 2704 1040 2748 suut.
1055 2695 1184 2761 Baebius,
1200 2697 1280 2750 Hus-

249 2797 287 2829 ιι.
301 2775 343 2829 Ad
358 2776 430 2829 hunc
444 2794 569 2840 versum,
588 2773 720 2828 Brouckh.
767 2771 1031 2837 chkioconseutiens,
1042 2771 1123 2825 fusius
1132 2772 1164 2826 de
1176 2792 1223 2826 usu
1235 2773 1280 2827 in·
1329 2803 1333 2818 ε

212 2873 264 2922 qua
271 2854 421 2923 garrulitate
433 2864 486 2919 est,
500 2852 602 2906 nullum
614 2861 721 2905 amoto·
768 2850 871 2903 dicativi
883 2863 910 2904 ct
919 2851 1080 2917 conjunctivi
1095 2850 1205 2904 duserit.

213 2948 270 2982 rem
289 2929 393 2983 silentio
410 2930 554 2999 preteriit,
575 2947 720 2997 omnesque
803 2928 840 2980 16.
854 2927 937 2981 Deest
950 2926 992 2979 hic
1007 2944 1095 2979 versus
1107 2926 1136 2979 in
1150 2924 1235 2979 Celet.
1250 2936 1278 2979 et

211 3005 360 3073 laudat,qui
369 3006 480 3074 antiquis
490 3005 651 3074 temporibus
659 3015 720 3058 ante
770 3003 829 3057 Ald.
842 3009 912 3059 1515.
927 3007 1026 3059 Statius
1038 3024 1101 3058 eum
1113 3024 1218 3077 quoque
1229 3006 1279 3059 da-

214 3081 306 3150 pueliae
314 3081 382 3135 sores
391 3083 519 3151 porrecti,
531 3082 595 3151 posti
605 3082 721 3135 convicia
768 3083 869 3137 mnarit
883 3103 889 3132 τ
903 3105 916 3129 κ
929 3085 989 3136 Hoc
997 3102 1061 3136 vero
1073 3093 1160 3137 totum
1171 3102 1225 3137 nou
1238 3093 1278 3136 est

214 3159 342 3224 fecerint,
355 3159 396 3212 vel
409 3160 546 3214 blandities
558 3161 720 3229 ingesserint.
768 3162 846 3230 hujus
873 3173 956 3231 poetae
978 3169 1090 3230 γνήσιον,
1117 3181 1277 3232 quemquam

250 3257 288 3289 ιν.
302 3240 388 3305 Capiti
391 3244 451 3297 sint,
454 3257 551 3305 precor,
556 3242 667 3291 ittam.
677 3239 720 3293 De
767 3240 868 3309 scriptis
879 3240 909 3293 iu
921 3240 992 3293 libris
1002 3239 1110 3309 legatur.
1123 3262 1137 3286 ν
1153 3240 1206 3295 Sed
1214 3259 1277 3310 pace

213 3312 595 3385 hacformulavideegregiam
609 3316 721 3370 Henrici
768 3319 864 3385 statii,
885 3319 1037 3385 sententia,
1058 3338 1117 3388 qut
1138 3319 1199 3372 huic
1220 3319 1278 3373 loco

213 3390 305 3461 steph.
317 3390 522 3461 disputationem
531 3393 557 3445 in
567 3391 646 3446 Thes.
657 3392 720 3463 ling.
767 3395 844 3460 inest,
851 3395 1006 3466 perantiqua
1013 3396 1123 3451 ridetur.
1131 3397 1233 3450 Utrum
1240 3397 1279 3452 Si·

214 3487 289 3538 grac
300 3478 364 3521 tom.
377 3468 422 3534 11,
436 3489 459 3537 p.
473 3471 526 3541 ¹49·
768 3473 965 3529 mouidesiltam
973 3477 1072 3545 primus
1084 3476 1231 3546 protulerit,
1244 3494 1278 3529 au

248 3548 286 3600 13.
298 3548 458 3614 Voceperegr'.
467 3547 527 3600 Hoc
534 3557 588 3600 est:
597 3546 721 3616 dixi,pre·
768 3553 831 3606 alius
840 3563 1030 3624 poetagroecus,
1041 3554 1140 3625 pendet
1151 3575 1181 3608 ex
1191 3556 1280 3609 incer-

213 3635 286 3679 cetus
297 3642 372 3686 sums
389 3623 494 3689 Livius,
508 3625 538 3693 1,
551 3645 607 3695 cap.
619 3630 651 3682 ²8
660 3647 666 3680 :
676 3647 722 3680 rex
769 3639 794 3682 ta
813 3629 924 3685 lectione
943 3631 1011 3701 apud
1033 3630 1171 3685 Claudiam
1187 3630 1277 3684 Carm.

211 3712 312 3764 cetera.
339 3714 368 3756 nt
378 3721 449 3764 orsus
463 3713 518 3756 erat
528 3745 535 3765 ,
554 3712 655 3773 peraget
666 3724 675 3768 ,·
694 3718 721 3761 et
768 3709 859 3776 XLII,
872 3730 908 3764 vs.
918 3731 949 3784 9,
958 3712 1003 3765 ubi
1013 3712 1092 3783 vulgo
1100 3710 1188 3765 editur
1198 3731 1204 3765 :
1215 3714 1278 3766 Fors

212 3802 268 3852 cap.
284 3782 315 3849 37
331 3802 338 3835 ε
352 3787 452 3855 μωμϊ
465 3784 555 3835 deiude
565 3787 718 3850 postulatu
760 3786 838 3852 jurat
852 3791 990 3850 anderten
1009 3791 1188 3842 Caee'seutentt’a
1200 3793 1278 3841 vatis.

226 3940 286 4028 'sd
296 3940 343 4068 (glo
397 3948 473 3991 serta.
488 3964 522 3977 -
539 3937 643 3990 Florida
652 3949 721 3991 serta
770 3945 887 3998 Ennium
896 3946 1120 4018 designerioenset
1128 3944 1275 4010 Columna,

211 4034 337 4084 sthure

214 3861 272 3915 vide
285 3859 444 4102 (Nym
456 3862 492 3927 V,
506 3880 542 3914 vs.
553 3862 610 3915 eso.
627 3863 720 3916 ΗΜ.
768 3864 839 3920 Sunt
855 3866 900 3934 qui
916 3865 1005 3936 legant
1018 3871 1202 3934 prurientis,
1224 3886 1279 3936 quo

202 4095 301 4159 storea,
315 4100 368 4164 quo
405 4095 486 4149 nsuis
499 4094 681 4165 manuscriptis
691 4115 728 4151 se-
769 4101 815 4151 δαν
828 4102 986 4154 estFortuna
996 4106 1153 4156 circinata.
1166 4104 1275 4157 Huscn.

368 4006 457 4148 ippstri
466 4016 638 4070 librittamen
651 4019 720 4072 maio
769 4041 793 4090 p.
813 4024 878 4089 ¹343
896 4022 959 4076 dixit
973 4024 1044 4077 euim
1060 4023 1163 4078 Ennius
1174 4064 1181 4090 ,
1194 4027 1278 4078 Forti-
