2828 4762
201 358 236 398 ex
423 335 713 399 ennorneuu
735 336 1050 402 rennuerent.

570 493 804 570 CARMEN
837 497 904 569 xl.

241 665 368 750 Sulpicia
379 686 414 740 ex
427 666 501 730 febri
511 667 643 731 bborans
654 711 664 746 ‚
678 667 822 744 Cerintho
830 690 869 731 ee
886 668 1036 733 sollicitam
1055 693 1117 734 esse
1128 613 1167 734 de
1182 671 1271 750 ipsius

124 783 127 794 ·
199 786 298 827 amore
313 764 470 848 profitetur
482 778 516 830 ct·
528 786 559 828 se
576 765 792 841 convalescere,
814 766 891 829 idem
910 768 934 829 si
955 768 1096 832 Cerintho
1111 769 1199 831 luerit
1215 791 1273 847 op-

201 874 307 939 tatum,
325 861 414 942 cupit.
1049 876 1050 889 ¹

557 1014 810 1097 CARMEN'
827 1022 919 1096 Xll.

243 1191 505 1268 tenetentum,
515 1191 772 1274 quodCerintbum
779 1194 1043 1277 reliqueritsolnm‚
1055 1194 1276 1271 mcusatpuelle.

528 1376 786 1451 enttMEN
818 1379 934 1451 Xlll.

244 1549 317 1609 llaec
325 1546 416 1630 elegia
422 1549 499 1626 (mee
505 1550 658 1627 sententia)
668 1551 704 1611 ad
710 1551 819 1614 Deliam
826 1551 961 1630 pertinet,
973 1563 1003 1613 et
1011 1563 1078 1629 post
1085 1550 1203 1632 primum
1210 1547 1277 1610 libri

202 1646 287 1727 primi
300 1647 419 1729 legenda
435 1660 488 1709 est.
508 1649 620 1710 Ordine
637 1672 706 1712 vero
721 1652 858 1733 temporis
874 1662 985 1716 servato
1001 1672 1061 1711 earn
1074 1650 1176 1711 merito
1189 1672 1276 1732 quer-

201 1761 259 1809 tam
273 1749 475 1811 numemreris.
491 1753 575 1811 Jurat
590 1761 675 1834 poeta
689 1751 792 1834 puellae
807 1775 885 1829 snae,
906 1773 937 1813 se
950 1753 977 1814 ei
994 1753 1047 1813 uni
1063 1764 1201 1834 perpetuo
1217 1775 1276 1814 ser-

202 1850 326 1910 viturum
341 1870 348 1907 :
364 1861 430 1910 mot
447 1872 536 1932 quum
552 1871 582 1911 se
598 1851 809 1934 'praecipitanter
820 1852 878 1915 boc
892 1856 999 1936 jurasse
1013 1852 1169 1935 intelligat,
1189 1875 1277 1934 quum

202 1948 295 2030 puella
312 1948 364 2008 bac
384 1950 552 2010 constantiae
565 1950 744 2038 professione
758 1951 866 2013 adduci
874 1956 985 2031 possit,
1006 1965 1040 2015 ut
1055 1953 1090 2016 de
1104 1955 1165 2036 ejus
1180 1974 1280 2015 amore

202 2049 285 2110 nimis
299 2069 417 2126 secura,
433 2049 464 2109 in
477 2050 547 2113 alios
560 2051 618 2134 ipsa
628 2072 739 2112 amores
753 2052 889 2134 proclivis
904 2053 960 2129 sit,
976 2053 1012 2115 ed
1025 2074 1123 2135 preces
1134 2053 1280 2132 supplices

204 2148 344 2233 confugit.

479 2328 482 2334 ·
542 2258 787 2384 elenen
820 2310 928 2384 xlv,

246 2483 296 2542 De
307 2480 422 2559 perfidia
436 2481 541 2564 puellos
554 2481 716 2556 sollicitus,
736 2495 847 2544 tantum
863 2485 919 2546 boc
934 2485 965 2543 in
980 2482 1058 2547 rotis
1075 2481 1159 2543 lubet
1171 2493 1203 2542 ut
1218 2480 1281 2560 ipse

208 2579 310 2643 sendus
320 2583 366 2643 sit
378 2583 445 2645 Hoc
456 2604 585 2658 carmen,
596 2592 734 2666 qun-mee
744 2584 946 2658 sententiaeb,
961 2583 1068 2665 optime
1078 2593 1146 2660 post
1152 2581 1282 2663 quinum

106 2752 109 2758 ¹
207 2682 506 2768 primi-libri-elegiem
521 2684 652 2768 legetur,
669 2682 831 2746 lasciviente
841 2685 896 2766 jam
909 2682 991 2747 Delie
1007 2695 1037 2744 et
1051 2681 1123 2745 alios
1141 2694 1280 2743 amatores

209 2785 280 2848 clem
294 2786 396 2850 mrito
413 2788 541 2868 clamque
553 2784 860 2847 Tibullo‘admittente.

259 2969 466 3065 Desingulis
481 2968 704 3065 argumentis,
722 2984 867 3068 quatuor
883 2964 1046 3039 librorum
1065 2963 1214 3038 ordinem
1231 2991 1281 3037 se·

211 3083 294 3171 cuti,
312 3090 377 3178 jam
393 3112 466 3185 qnae
481 3085 676 3158 sentiremus
690 3083 842 3157 diximus.
861 3083 1022 3182 Superest
1037 3098 1075 3154 ut
1094 3079 1215 3177 elegias
1230 3106 1282 3151 se-

211 3202 356 3276 cundum
364 3204 481 3276 seriem
489 3221 676 3304 temporum
685 3202 917 3303 disponamus,
931 3197 1285 3301 deniquentScnligeri

214 3315 422 3411 traiectiones
432 3345 506 3391 cum
518 3316 660 3413 vulgatis
672 3316 873 3390 editionibus
886 3314 1105 3400 conseramus,
1123 3331 1155 3387 et
1166 3341 1282 3386 rursus
1348 3358 1355 3369 =

213 3430 363 3528 vulgatas
381 3431 542 3505 editiones
561 3448 593 3504 et
607 3429 714 3519 libros
727 3430 870 3532 scriptos
886 3457 960 3502 cum
975 3427 1065 3501 illius
1079 3428 1284 3530 depravatio·

215 3548 328 3622 nibus.
342 3549 425 3622 Tres
438 3547 540 3644 igitur
555 3547 780 3622 submittimus
796 3546 925 3620 tabulas
944 3573 1083 3646 quarm
1100 3546 1205 3646 ptime
1220 3543 1285 3618 ele·

216 3665 285 3761 gias
301 3664 416 3739 ordine
435 3663 673 3761 chronologico
692 3664 844 3754 exbibet,
871 3663 1006 3769 reliquae
1022 3691 1100 3736 vero
1118 3661 1191 3734 duae
1209 3658 1284 3731 vul-

215 3810 323 3855 nerao
338 3780 506 3879 Scaligero
520 3780 821 3882 Broucltbnsioque
832 3779 924 3857 illota
938 3797 1074 3870 sanent,
1091 3804 1286 3877 comparan-

215 3895 332 3996 disque
349 3897 436 3970 inter
452 3923 488 3970 se
504 3895 602 3970 variis
621 3893 823 3968 editionibus
840 3895 1037 3968 inserviunt

961 4083 965 4096 .

628 4106 925 4140 κ--υ-ω,
