2722 4762
260 329 528 393 contentus
550 332 611 392 ET
632 329 967 397 EDlTlONlbUS.
1071 338 1153 398 xxxix

78 473 182 523 ractere
195 458 354 521 litterarum
364 459 471 521 minori
481 483 541 523 non
551 462 702 525 admodum
714 463 827 527 diverso
837 464 872 524 ab
883 464 971 527 hodie
983 481 1126 529 consueto
1139 512 1149 544 ‚

78 561 140 622 satia
154 570 285 622 meante
306 572 337 621 et
353 559 499 643 eleganter
512 573 645 623 exaratus.
672 561 797 625 lnitialea
814 583 947 625 versuum
962 562 1066 628 litterae
1085 581 1154 628 sunt

75 661 218 742 majorca,
236 657 329 721 rubris
345 658 524 722 lineamentis
540 660 700 736 distinctae,
714 683 732 722 a
748 661 848 723 ceteris
869 661 984 743 paulum
1007 679 1150 741 separatae.

76 760 250 822 Pentametri
263 758 367 842 equali
381 781 447 821 eum
461 760 629 822 hexametris
645 764 737 844 spatio
753 785 769 824 a
786 763 912 853 margine
932 763 1048 825 distant.
1062 765 1154 826 Pauca

75 882 179 922 vocum
192 859 278 920 habet
294 849 470 938 compendia.
483 860 606 947 Signum
620 884 639 923 u
652 873 684 922 et
692 862 784 926 vocab
795 876 826 926 et
837 863 1012 924 consonanti
1023 865 1152 926 inservit.

80 959 170 1041 Quea
187 979 241 1020 suo
261 958 350 1023 verbo
369 970 536 1037 separatum.
559 961 715 1039 Perpaucas
738 983 796 1026 aar.
819 963 885 1024 lect.
903 976 933 1022 et
956 964 1151 1026 correctiones

76 1060 191 1133 odem,
208 1081 263 1142 qua
278 1071 445 1133 contextus,
464 1082 550 1123 manu
565 1061 597 1121 in
611 1060 738 1144 margine
751 1062 868 1141 scriptae
878 1063 1020 1126 continet.
1031 1063 1151 1124 Tibullo

77 1161 236 1242 subjectum
258 1158 342 1219 habet
365 1159 461 1226 Ovidii
487 1159 554 1220 Ibin
574 1183 639 1223 curn
655 1161 782 1234 scholiis.
807 1164 900 1224 Totus
922 1162 994 1223 liber
1016 1163 1055 1247 67
1072 1163 1150 1225 foliis

76 1270 200 1321 constat
213 1259 392 1342 hpographo
407 1263 468 1343 ejus
480 1261 537 1323 levi
549 1273 597 1338 et,
610 1273 644 1321 ut
659 1262 790 1336 videtur,
807 1258 988 1324 tumultuaria
1001 1285 1068 1325 cura
1076 1263 1153 1325 lacto

78 1359 303 1421 1.t{.v0ssium
314 1382 398 1422 usum
409 1379 490 1434 esse,
507 1372 606 1423 nostra
617 1361 733 1423 collatio
744 1359 898 1444 diligenter
911 1361 1040 1423 instituta
1056 1363 1152 1423 docet.

76 1458 183 1542 Signit
197 1458 262 1521 rub.
275 1484 304 1520 n.
318 1482 346 1519 1.
360 1459 503 1538 (Videtur
514 1460 561 1522 bic
572 1461 648 1523 idem
663 1482 725 1523 esse
737 1460 787 1543 qui
796 1460 872 1539 apud
881 1459 1016 1522 vossium
1028 1461 1153 1522 Ashewii

75 1559 195 1621 nomine
207 1561 404 1638 inscribitur.)
468 1633 473 1645 ¹

119 1663 160 1719 11.
183 1661 284 1721 Codex
305 1661 484 1733 chartaceus,
501 1660 627 1742 ejusdem
642 1683 707 1722 cum
720 1660 863 1738 superiori
878 1658 1000 1736 soranae,
1016 1673 1112 1723 curate
1125 1661 1158 1722 et'

78 1760 221 1843 eleganter
233 1761 375 1838 scriptos,
394 1761 550 1823 litterarum
568 1763 727 1826 charactere
743 1763 828 1840 paulo
844 1761 960 1824 minori.
977 1762 1153 1822 Pentametri

77 1860 195 1944 longius
209 1861 312 1921 dictant
325 1882 341 1920 a
353 1860 480 1945 margine
492 1883 576 1943 quam
586 1862 754 1935 hexametri,
772 1882 895 1942 qnorum
906 1861 1028 1922 initiales
1039 1862 1152 1943 paulum

80 1971 212 2037 separatae
234 1961 407 2023 ornamentis
431 1972 528 2022 carent
547 1972 576 2021 et
598 1961 726 2043 picturis.
748 1960 957 2045 Dipbthongoa
978 1981 1038 2023 non
1058 1961 1153 2023 lubet.

84 2060 146 2141 Que
157 2059 262 2123 arctim
278 2081 425 2125 annexum.
446 2061 474 2120 U
489 2059 615 2122 vocalem
633 2083 714 2143 aeque
735 2083 767 2126 ac
789 2072 997 2124 consonantem
1014 2061 1152 2145 designat.

81 2157 282 2228 correctiones
296 2161 416 2246 margini
431 2159 466 2227 ab
481 2160 578 2222 eadem
590 2183 675 2224 manu
692 2162 850 2240 adscriptae.
866 2162 946 2230 Folia
960 2159 998 2234 lx
1016 2162 1152 2239 complet.

82 2282 110 2321 ιι.
128 2284 164 2335 a,
180 2282 286 2344 magn.

120 2361 180 2429 111.
194 2360 295 2423 Codex
302 2360 481 2437 chartaceus,
490 2361 575 2423 aCar.
582 2363 657 2422 Dato
665 2362 922 2439 pervenitadPetr.
931 2360 1148 2439 Rendorpium,

82 2459 181 2522 deinde
193 2459 229 2521 ad
240 2462 326 2523 Laor·
341 2459 607 2546 Santenium17lio·
623 2464 649 2521 E
665 2464 746 2544 cujus
763 2461 937 2527 bibliotheca
951 2483 1007 2523 una
1022 2483 1086 2525 cum
1101 2483 1148 2522 ce-

81 2559 148 2621 teris
164 2559 242 2622 laone
255 2560 326 2622 emit
341 2560 376 2624 de
388 2561 482 2625 Deleta·
507 2558 593 2625 1800.
611 2562 714 2623 Forma
729 2573 810 2634 oct,
828 2560 977 2625 minutiori
995 2561 1152 2622 litterarum

82 2658 241 2720 charactere
254 2659 384 2741 scriptur.
399 2659 525 2720 Initialea
538 2671 670 2736 separatae
686 2671 797 2725 exstant
813 2659 874 2719 alne
890 2658 1027 2734 picturis,
1040 2671 1153 2734 excepta

83 2757 174 2839 prima
187 2757 313 2822 omnium
327 2758 442 2834 littera,
458 2758 498 2825 D.
513 2759 584 2820 Non
598 2769 676 2819 earet
691 2755 801 2818 mendis
815 2799 824 2830 ,
841 2778 964 2838 quorum
978 2754 1083 2828 multa,
1097 2755 1153 2815 nisi

83 2855 224 2933 inscitiae,
247 2857 526 2944 certenegligentiae
546 2857 701 2919 certissima
723 2856 856 2918 videntur
880 2854 993 2916 indicia.
1020 2853 1153 2916 Pluribus

84 2977 166 3037 quam
177 2957 356 3039 duoprioreo
367 2958 457 3019 utitur
469 2955 655 3033 compendiis.
665 2957 784 3033 Semper
791 2953 827 3030 s,
846 2977 906 3016 uon
917 2975 945 3026 s,
964 2951 995 3014 in
1006 2955 1072 3015 line.
1091 2954 1153 3036 Que
1237 2969 1239 2974 ’

83 3055 187 3116 arctim
203 3056 337 3118 adhaereo
353 3054 536 3137 Diphthongi
562 3055 684 3116 exulant.
709 3056 744 3115 H
764 3056 976 3137 frequentatur,
994 3077 1022 3115 a.
1039 3075 1065 3113 c.
1082 3055 1150 3125 hia,

84 3156 195 3230 ίΙιοηιι,
214 3178 292 3238 pro:
311 3157 354 3226 is,
374 3166 459 3214 tome.
481 3158 517 3214 ln
536 3156 661 3238 margine
676 3157 813 3216 variantes
830 3176 865 3216 ex
884 3155 964 3237 vulg.
982 3153 1150 3215 recensione

85 3253 243 3332 ‹depromtaa
251 3254 415 3332 adscripsit3
427 3254 482 3315 uiri
493 3275 538 3314 me
548 3255 644 3318 omnia
654 3253 769 3330 fallunt,
781 3256 952 3327 Santenina‚
963 3255 1012 3337 qni
1020 3253 1150 3315 eumdem

85 3352 187 3414 librum
194 3354 226 3414 in
238 3367 307 3416 nota
319 3375 407 3436 marg.
416 3354 453 3414 ad
463 3353 531 3415 bibl.
542 3355 606 3415 crit.
616 3354 747 3416 laudavit
760 3354 895 3436 Complet
906 3354 952 3414 hic
964 3355 1029 3416 cod.
1040 3353 1082 3427 48
1095 3352 1147 3414 lol.

85 3454 120 3514 ln
136 3454 235 3515 bachii
256 3454 383 3518 editione
402 3465 432 3514 et
449 3453 479 3513 iu
498 3466 595 3517 nostra
616 3478 645 3514 n.
662 3453 701 3527 3,
719 3466 843 3514 notatur.
868 3454 1022 3516 Librorum
1046 3455 1101 3514 FF
1119 3455 1148 3511 in

83 3553 213 3615 Brouhh.
228 3555 274 3614 ed.
290 3567 444 3615 tantarum
459 3554 571 3614 hiscen
586 3597 594 3629 ,
614 3552 655 3627 3,
679 3553 836 3615 similitudo
853 3553 1019 3625 invenitur,
1043 3565 1076 3613 ut
1095 3573 1149 3629 pro

82 3652 182 3715 iixdem
193 3652 338 3716 habendos
352 3674 413 3714 esee
427 3652 514 3714 Bach-
530 3653 577 3713 vix
590 3653 709 3714 dubitet.
725 3654 829 3715 Parum
844 3666 938 3715 autem
950 3652 1103 3733 diligenter
1123 3663 1153 3710 et

81 3766 211 3814 accurate
226 3753 283 3814 illis
298 3775 381 3815 usum
394 3751 480 3813 luisse
494 3752 724 3825 Brouhbusium,
738 3753 769 3812 iu
787 3766 903 3834 promtu
918 3765 962 3814 est
977 3752 1083 3815 videre.

123 3855 176 3917 lV.
186 3854 287 3916 Codex
296 3853 587 3927 membraneus,olim
597 3853 651 3914 tuit
660 3853 740 3915 ducis
751 3855 819 3914 delo
828 3854 965 3914 Volliere.
977 3853 1081 3912 Forma
1093 3862 1152 3912 oet
1180 3933 1182 3941 Ι

84 3954 282 4017 minuuntur.
299 3957 335 4014 ln
349 3952 445 4015 honte
459 3952 523 4013 libri
543 3953 635 4014 littera
648 3955 698 4026 D,·
716 3954 810 4016 nitore
824 3952 884 4014 auri
899 3965 929 4015 et
942 3951 1086 4012 variorum
1098 3974 1153 4012 co-

86 4054 181 4119 torum
202 4055 343 4138 splendet.
359 4053 514 4133 Character
533 4066 579 4116 eat
597 4053 760 4129 minutior,
789 4053 887 4115 similis
914 4051 974 4113 lere
999 4052 1155 4113 uncialibus
