2828 4762
336 356 787 468 cremnensium.
816 363 846 427 1.
873 364 1027 476 nnuc.
1050 368 1080 432 1.
1222 396 1240 460 7

222 495 320 566 Nunc
338 476 422 615 agna
439 468 626 633 exiguilesd
633 472 877 596 hostialmagna
896 474 970 630 scili.

172 613 272 706 Agna
287 610 381 684 cadet
397 611 513 698 vobis,
532 642 630 713 quam
649 615 771 690 circuin
787 619 909 693 rustica
927 620 1035 720 pubes

226 722 374 797 Clamet:
392 727 448 798 Io!
467 755 589 800 messes
606 745 638 801 et
652 728 740 802 bona
756 731 830 804 vina
849 732 944 806 date!

174 841 271 927 Jam,
288 842 390 915 modo
407 870 492 931 non,
510 872 647 945 possum
663 864 839 922 contentus
853 850 959 924 vivere
975 880 1097 952 parvo,
1208 877 1241 928 οῖ»

175 999 247 1051 enim
256 1007 308 1052 tun
318 999 487 1054 scribendum
503 1020 558 1054 esse
571 1001 602 1055 iis
614 1021 686 1070 quo-
731 1005 864 1074 publicum
874 1007 969 1063 testum
979 1010 1005 1063 in
1013 1010 1095 1064 lustro
1101 1011 1242 1068 condendo

176 1095 229 1145 que
242 1077 315 1143 locis,
328 1079 371 1131 ubi
386 1088 459 1138 tunc.
476 1080 684 1149 persebonum,
733 1082 856 1135 celebrari
868 1084 983 1138 solitum.
996 1087 1088 1140 ΗΜ.

174 1156 469 1225 propteraspcritatem
492 1175 615 1210 consona
635 1178 684 1212 se·
765 1163 806 1227 ²4·
830 1163 953 1216 Barthius
972 1166 1051 1231 magis
1071 1167 1241 1236 impleturum

174 1233 279 1301 quentis
291 1233 443 1289 adversatur
456 1235 566 1304 linguae,
585 1247 612 1289 et
625 1255 687 1289 mox
733 1238 845 1306 poeticas
858 1259 933 1294 aures
947 1244 1088 1311 opinatur,
1106 1247 1126 1298 si
1141 1246 1242 1315 legatur

175 1309 293 1378 exempla
310 1312 388 1378 citat,
406 1313 501 1387 quibus
513 1315 624 1368 omnino
644 1315 686 1368 hic
730 1317 771 1368 Et
780 1317 839 1368 date
848 1321 910 1370 uina
920 1322 1002 1379 boam·
1017 1331 1095 1389 atque
1109 1323 1144 1375 ita
1154 1334 1181 1376 et
1193 1343 1242 1376 so-

175 1405 311 1456 nonopus
325 1398 371 1440 est.
644 1419 646 1424 ·
734 1409 800 1443 num
813 1393 930 1446 versiculi
943 1394 1037 1460 malle,
1057 1408 1083 1450 et
1095 1411 1242 1454 consuetu·
1301 1409 1304 1412 ’

202 1484 243 1515 υ.
251 1466 344 1517 Hostia
350 1484 449 1533 mgna.
456 1464 549 1520 Multis
555 1465 686 1520 codicibus
734 1468 825 1523 dinem
837 1481 920 1540 poetae
931 1493 938 1534 3
950 1472 993 1527 lib.
1006 1475 1056 1540 lV,
1070 1475 1136 1530 adv.
1151 1497 1206 1548 cap.
1219 1501 1243 1531 a.

174 1542 384 1614 editionibusque
399 1547 484 1599 inerat
496 1546 573 1600 lertio
586 1564 685 1614 perra,
733 1546 803 1601 Mihi
811 1548 1068 1604 secusvideturznon
1075 1570 1127 1619 quo
1133 1552 1242 1607 Barthio

175 1620 224 1674 sed
236 1622 359 1676 llluretus
367 1632 394 1675 et
405 1622 520 1692 Scaliger
528 1643 542 1675 e
550 1624 603 1677 suis
612 1623 685 1677 MSS
735 1624 792 1694 plus
798 1626 896 1695 sapiam
906 1666 914 1691 ‚
926 1625 973 1680 sed
985 1627 1046 1696 quia
1058 1628 1161 1681 aurium
1172 1630 1245 1698 iudi-

174 1719 425 1770 sragmeposuere,
434 1701 503 1770 quod
512 1702 580 1755 ruris
588 1703 686 1772 exigni—
734 1701 805 1754 dum
814 1703 942 1757 essesolet
953 1704 1126 1758 liberrimum.
1135 1706 1243 1762 BnouC.

176 1777 237 1841 tati,
251 1789 277 1832 et
292 1778 413 1832 tenuitati
425 1797 516 1830 rerum
526 1778 685 1847 occisarum,
734 1779 860 1834 -Codex
872 1782 1005 1852 Regiuset
1016 1794 1069 1838 tres
1077 1804 1169 1837 eorum
1179 1805 1245 1854 quos

176 1854 271 1909 melius
288 1855 438 1926 respondet
452 1856 560 1910 Etenim
572 1876 654 1927 agna,
665 1859 687 1912 si
734 1855 761 1911 J.
771 1857 807 1910 H.
814 1859 888 1912 Voss.
896 1859 967 1927 citat,
975 1860 1244 1916 lectionemexhibent

176 1936 299 2005 pauperis
309 1936 442 1991 facultates
454 1936 588 2005 respicias,
605 1936 687 1990 hostia
735 1939 846 1998 clamen·
861 1955 918 2005 quae
933 1937 1044 1990 omniuo
1057 1937 1118 1991 salsa
1129 1937 1244 1992 videtur.

176 2032 273 2082 magna
287 2014 337 2068 dici
350 2026 443 2085 potest.
766 2017 808 2067 25.
816 2017 892 2077 Jarr,
906 2018 978 2067 modo
990 2034 1052 2075 nou,
1061 2034 1165 2082 possum
1178 2035 1244 2069 cou-

206 2094 245 2147 23.
253 2096 329 2161 Agna
334 2098 408 2148 cadet
413 2098 492 2148 rudes.
499 2095 571 2163 Ergo
577 2093 686 2146 Laribus
732 2101 816 2146 tems
828 2098 998 2160 m'rereparvo.
1011 2093 1103 2148 Critici
1115 2105 1142 2147 et
1154 2094 1244 2148 inter-

176 2189 280 2223 sacrum
292 2171 317 2223 h.
331 2172 346 2226 l.
357 2172 454 2225 lactum
467 2171 684 2239 intelligendum
733 2171 855 2240 pretesin
864 2171 1028 2226 hunclocum
1036 2173 1181 2239 irruerunt,
1189 2193 1246 2227 ma·

177 2248 231 2315 agit
242 2260 329 2302 autem
337 2248 369 2303 de
382 2269 469 2316 sacro,
480 2269 532 2318 quo
542 2249 687 2303 lustrantur
734 2250 884 2319 almamque
899 2250 998 2319 ingenii
1013 2251 1160 2320 impensam
1175 2251 1245 2305 lece-

177 2345 269 2395 greges
281 2339 307 2380 et
318 2329 380 2397 agri.
392 2330 416 2382 T
417 2329 456 2383 ale
471 2329 627 2382 Ambarvale
640 2347 686 2382 sa·
730 2336 809 2389 runt;
824 2336 854 2379 ut
865 2344 919 2379 non
928 2326 1000 2379 facile
1008 2325 1123 2380 intertot
1131 2327 1248 2381 diversas

176 2402 428 2472 erumsocitagrum.
439 2427 446 2466 ;
456 2405 595 2476 vichleg.
608 2407 685 2476 prim.
733 2403 858 2458 lectiones
876 2414 903 2457 et
923 2398 1062 2459 doctorum
1079 2405 1244 2471 conjecturas

175 2477 220 2532 til.
235 2480 269 2533 ll.
283 2482 322 2534 lbi
331 2480 448 2535 Bacchus
460 2495 487 2537 et
496 2483 578 2536 Ceres
590 2500 686 2535 voran-
733 2480 798 2535 scire
807 2481 900 2550 possis,
909 2500 962 2549 quo
971 2491 996 2534 te
1004 2492 1097 2536 vertas.
1108 2481 1244 2553 Cyllenius

177 2566 237 2623 tur,
247 2567 277 2610 et
285 2577 373 2626 preces
384 2558 454 2612 siunt
462 2559 493 2612 ad
501 2558 564 2612 deos
574 2560 684 2628 patrios,
733 2558 828 2624 verba,
841 2561 914 2610 modo
924 2576 984 2618 nou,
1000 2557 1147 2627 parenthesi
1158 2557 1244 2612 inclu-

176 2653 244 2687 vers.
257 2651 293 2706 17.
307 2636 343 2689 Et
351 2637 388 2689 sic
399 2656 504 2707 quoque
517 2656 636 2690 aunuum
645 2656 685 2689 sa·
733 2636 780 2689 dit.
797 2636 960 2690 Brouckhus.
972 2636 1141 2704 negationem
1154 2638 1243 2691 deesse

63 2710 65 2714 ⁴
175 2730 252 2764 crum
265 2710 358 2766 Cereri
369 2723 396 2766 et
407 2713 510 2767 Baccho
526 2713 685 2778 lactum,ad
733 2713 877 2779 existimat,
891 2714 962 2783 quasi
973 2712 1141 2766 scribendum
1156 2726 1242 2769 esset:

177 2791 685 2859 gregislustrationem,extremahieme,
733 2795 792 2845 Νοοι
807 2812 912 2860 possum
933 2797 1014 2845 uiam
1033 2811 1083 2845 rou
1106 2804 1243 2848 contentus.

177 2867 287 2921 ineunte
296 2868 349 2936 jam
359 2889 418 2922 rere
428 2908 435 2934 ,
447 2870 572 2939 Virgilius
582 2889 687 2922 memo-
732 2870 808 2924 ldern
826 2871 966 2936 adfirmat,
980 2871 1134 2925 Manutium
1148 2873 1180 2927 de
1192 2873 1241 2928 hoc

178 2953 236 3009 rat,
256 2943 352 3014 Georg.
368 2947 402 3013 l,
421 2947 489 3011 338;
506 2948 687 3001 Suoaetaurileia
731 2949 874 3018 eloquendi
895 2969 991 3020 genere
1010 2951 1129 3020 exempla
1154 2951 1240 3004 collo-

139 3047 144 3053 ·
178 3041 243 3075 vero
252 3022 320 3077 Cato
330 3024 362 3078 de
372 3026 405 3079 R.
414 3027 509 3096 Καρ.
521 3029 581 3094 141,
592 3028 685 3096 inqui·
733 3026 807 3096 gisse.
826 3026 949 3081 Muretus
962 3027 1049 3096 inquit
1061 3066 1068 3093 ,
1086 3030 1159 3080 modo
1172 3048 1237 3087 nou,

169 3102 226 3156 ,bus
235 3101 317 3156 Marti
328 3123 417 3173 preces
428 3106 558 3160 iaciendas
572 3107 687 3175 prescri-
734 3114 773 3157 est
783 3115 918 3174 μονονουχὶ,
929 3110 1241 3174 etsisuutqur'aliterseu-

178 3181 331 3243 bit;l·'erias
339 3185 685 3240 sementivasOvid.Fastor.
732 3186 806 3236 tiaest.
823 3183 935 3253 Vulpius
952 3184 1039 3237 locum
1061 3185 1096 3237 ita
1114 3183 1242 3254 explicat:

180 3258 209 3324 l,
223 3258 281 3313 558.
297 3261 362 3314 llnc
376 3273 404 3315 et
415 3263 463 3315 alia
479 3262 613 3317 adducunt
624 3284 685 3332 me,
735 3260 796 3314 Non
813 3260 912 3326 modo,
926 3261 1012 3331 inquit
1028 3271 1122 3330 poeta,
1137 3280 1243 3330 possum

179 3346 209 3389 ut
218 3355 289 3391 saera
299 3338 430 3407 ejusmodi
438 3340 552 3394 lustralia
561 3342 635 3410 plura
643 3343 687 3395 in·
733 3339 809 3393 tenui
829 3340 898 3394 victu
918 3350 1057 3394 contentus
1074 3359 1149 3405 esse,
1172 3340 1243 3409 quod

180 3424 222 3468 ter
230 3417 338 3475 rusticos
346 3419 456 3488 viguisse
464 3420 622 3485 existimem
637 3421 685 3474 alia
734 3428 812 3472 antea
829 3438 883 3472 non
901 3430 1020 3488 poteram
1038 3440 1045 3482 3
1064 3437 1120 3472 non
1138 3428 1242 3472 tantum

178 3492 685 3566 fortemagis,aliaminussolemnia:ad
733 3495 1241 3565 longisitineribusvalediccre,remau·

178 3568 234 3624 hec
246 3573 333 3627 minus
339 3574 466 3628 solemnia
473 3587 500 3630 et
508 3578 623 3647 privata,
639 3597 686 3632 eu·
730 3571 809 3642 gendi
820 3592 895 3626 causa
904 3575 1027 3642 susceptis
1038 3593 1044 3627 :
1056 3573 1236 3626 verumetiam

179 3647 272 3718 jusque
284 3652 409 3722 religione
421 3655 523 3724 concipi
535 3656 685 3726 {mutuique
730 3651 758 3702 in
770 3669 872 3705 summa
880 3651 961 3703 animi
972 3651 1108 3704 securitate
1120 3647 1236 3716 indulge·

179 3726 686 3803 solito,relerosaerumlustrale,‹lequo
731 3727 1235 3795 reotio,sedensestatcpropteraquam

180 3802 206 3856 h.
214 3804 408 3875 lagitunllliud
414 3808 529 3878 estquod
537 3809 685 3879 paulopost,
733 3806 782 3860 sul)
794 3806 893 3859 arbore.
906 3808 940 3859 At
949 3806 1005 3875 quis
1016 3814 1067 3868 est,
1075 3802 1137 3870 quin
1144 3802 1240 3855 sentiat

180 3901 216 3936 vs,
225 3883 257 3936 35
267 3895 454 3950 ,memoratur,
464 3885 535 3954 quod
543 3885 574 3939 ad
583 3886 686 3939 Lustra·
735 3883 784 3937 hoc
797 3881 877 3936 modo
887 3882 1052 3951 languescere
1063 3879 1240 3933 sententiam?

179 3961 281 4015 tionem
298 3963 326 4016 iu
339 3964 478 4031 Palilibus,
493 3966 532 4019 x1
545 3963 604 4017 Kal.
622 3966 685 4018 Mai.
737 3959 820 4029 Quod
839 3959 871 4013 ad
888 3958 1012 4027 Scaligeri
1029 3957 1242 4011 emendationem

181 4037 240 4090 lieri
246 4039 347 4093 solitam
354 4039 576 4094 referendumest
584 4041 687 4095 Abom-
736 4042 845 4106 attinet,
857 4035 1002 4092 seeundum
1011 4055 1090 4106 quam
1101 4036 1242 4106 legendum

183 4117 481 4176 nibushisdiversasunt
492 4122 685 4185 Suovetaurils'a,
736 4131 789 4186 est,
802 4117 1128 4188 Qetppeegojamsssm,
1140 4135 1199 4172 earn
1209 4124 1239 4168 ut
