2828 4762
344 337 632 400 ELEGlAliUM
663 334 982 399 ARGUMENTA.
1155 335 1206 397 cix*

501 519 740 596 CARMEN
778 521 822 593 V.

169 693 298 754 Nomine
317 691 453 771 Sulpiciae
473 692 615 755 Cerintho
631 693 756 773 mittitur
771 694 831 754 hoc
847 710 961 753 carmen
975 733 985 764 ‚
1007 669 1093 773 qnod
1107 709 1202 752 revera

126 790 242 854 Tibulli
263 804 315 853 est.
342 791 504 854 Occasione
525 791 624 854 mulis
646 803 712 857 vota
733 815 788 871 pro
808 791 906 854 mutui
920 790 1025 854 amoris
1046 786 1209 853 constantia
1255 817 1257 821 ’

127 892 200 954 iacit
212 892 314 976 puella.

496 999 734 1074 CARMEN
765 1000 835 1073 Vl.

172 1166 307 1230 Tibullus
326 1170 386 1249 ipse
402 1171 522 1233 natalem
537 1170 673 1254 Sulpiciae
689 1171 765 1235 diem
779 1166 986 1250 celebraturus,
1004 1171 1040 1232 ad
1053 1173 1203 1232 lunonem
1273 1217 1277 1225 .

127 1289 229 1349 preces
243 1268 355 1346 fundit,
372 1282 407 1331 nt
420 1291 547 1332 amorem
557 1270 692 1332 Cerinthi
703 1284 872 1351 perpetuum
882 1282 1034 1334 conservet
1049 1270 1204 1356 conjugio-
1323 1279 1326 1287 ’

127 1397 187 1457 qne
204 1374 309 1451 faveat,
326 1399 495 1460 quamquem
509 1377 612 1459 puellm
625 1389 715 1438 matre
727 1400 788 1440 non
801 1378 956 1440 adnuente.

488 1557 725 1635 CARMEN
760 1501 848 1632 t'll.

173 1725 270 1787 Potita
286 1726 362 1788 votis
379 1727 439 1789 suis
454 1728 548 1812 puella
562 1743 591 1792 et
606 1729 741 1792 Cerinthi
757 1730 932 1814 amplexibus
948 1728 1084 1810 perfruita
1100 1727 1209 1789 exultat

129 1846 194 1906 prae
206 1825 319 1909 gaudio.
334 1827 406 1893 Noli
420 1827 517 1890 mirari
529 1850 591 1891 eam
603 1829 710 1913 absque
726 1830 788 1892 ullo
803 1829 914 1914 pudore
930 1830 1026 1892 omnia
1038 1841 1134 1913 aperte
1149 1827 1211 1890 edi-

131 1947 214 2003 cere,
232 1927 278 1990 cui
291 1927 424 1990 Tibullus
436 1929 576 2010 interpres
591 1943 660 1994 erat.
737 1977 740 1987 .

474 2112 710 2188 CARMEN
745 2113 862 2188 VIII.

175 2289 212 2348 ln
226 2287 319 2350 villum
334 2289 370 2351 ad
386 2290 506 2354 natalem
520 2313 604 2353 snum
623 2289 823 2352 celebrandum
838 2289 959 2353 abducta
974 2289 1103 2370 Sulpicia
1119 2311 1150 2351 se
1172 2289 1209 2352 ab

129 2397 256 2447 amatore
270 2409 323 2449 suo
338 2388 435 2451 diuelli
450 2412 527 2474 segre
543 2390 607 2451 lert.
623 2389 752 2451 Messalae
766 2389 854 2450 inisse
871 2388 953 2451 ineo
969 2388 1072 2450 itinere
1087 2402 1116 2450 et
1132 2389 1206 2452 festo

128 2498 265 2562 apparatu
276 2495 372 2563 partes
385 2487 491 2570 aliquas
505 2509 541 2548 ex
556 2512 584 2551 v.
597 2485 634 2562 5,
650 2487 813 2573 colligitur,
833 2488 910 2548 uude
921 2486 1004 2550 etiam
1020 2486 1146 2566 suspicio
1161 2488 1210 2562 fit,

128 2582 282 2645 messalam
303 2585 438 2648 amausse
456 2586 623 2665 Sulpiciam.
642 2587 691 2646 Au
710 2608 781 2672 neco
800 2586 919 2647 Messala
940 2586 976 2647 ad
995 2585 1115 2647 natalem
1130 2585 1207 2647 cele-

129 2682 272 2745 brandum
290 2708 417 2747 roseam
433 2686 613 2758 invitaverit,
634 2685 714 2766 quod
732 2683 860 2768 Scaliger
881 2697 1015 2766 tanquam
1032 2684 1208 2767 exploratum

128 2780 237 2862 ponit,
255 2784 384 2865 equidem
406 2806 468 2846 non
489 2784 593 2847 diserte
612 2795 866 2846 commemoratum
882 2783 977 2846 video·
999 2782 1105 2859 Quid?
1130 2781 1210 2864 qnod

129 2903 188 2943 nec
204 2880 275 2943 illud
291 2882 499 2945 admittendum
512 2882 627 2947 videtur
643 2884 723 2964 qnod
737 2883 772 2943 ad
788 2882 908 2945 natalem
925 2905 1010 2944 suum
1027 2883 1058 2942 iu
1074 2881 1141 2944 villa
1157 2903 1210 2943 ce-

128 2979 297 3042 lebrandum
311 2982 358 3042 illa
373 2981 493 3044 abducta
507 2994 639 3060 putatur;
657 3004 721 3043 nam
738 3005 754 3043 e
770 2982 902 3065 sequenti
917 2983 1040 3045 carmine
1053 2982 1152 3066 potius
1168 2983 1210 3045 sic

127 3081 313 3143 shtuendum
327 3104 334 3140 τ
350 3083 447 3165 quavis
461 3081 563 3144 eliade
578 3103 660 3145 causa
674 3105 723 3144 rus
737 3081 812 3144 illam
827 3081 915 3145 abiise
931 3104 938 3140 :
952 3082 1086 3145 incidisse
1096 3094 1209 3145 tantum

128 3181 188 3244 iter
202 3182 234 3242 in
252 3180 333 3243 illum
345 3182 439 3260 ipsum
456 3181 529 3243 diem
543 3182 592 3264 qui
603 3183 706 3259 puellae
722 3183 820 3244 natalis
837 3196 906 3245 crat.
922 3186 998 3246 Nam
1017 3183 1149 3248 Cerintbi
1163 3183 1211 3248 vit

127 3304 195 3345 csse
207 3294 319 3362 polest,
337 3282 403 3367 quia
418 3285 526 3344 ιἠοἰειιε
540 3283 682 3366 adjectum
695 3297 748 3346 est.
767 3287 871 3345 tisun.

492 3463 730 3540 CARMEN
768 3466 836 3537 lX.

173 3635 319 3698 Cerintho
337 3637 461 3720 Sulpicia
474 3660 505 3699 sc
523 3638 607 3699 natali
622 3639 726 3700 ttouae
739 3661 897 3702 mansuram
913 3662 974 3702 csse
992 3641 1116 3701 nuntiat.

501 3810 742 3888 ctlttrsstt
778 3816 822 3888 X.

171 3984 306 4067 vulgaris
318 3986 421 4063 puellae
432 3986 604 4065 amplexibus
614 3986 765 4051 indulsisse
777 3988 948 4052 Corinthum
965 3947 1214 4071 suspicaturSnl-

125 4084 225 4170 picis,
244 4108 366 4168 eumque
381 4087 432 4149 bac
447 4086 481 4149 de
495 4109 526 4149 re
542 4087 740 4168 reprehendit.
