2722 4762
189 343 252 404 lm
399 384 400 387 =
581 343 641 404 DE
667 343 865 407 Tloouut

228 474 296 533 Hoc
310 471 468 551 exemplum
489 485 578 536 exstat
600 474 631 533 in
653 474 823 536 bibliotheca
842 469 1056 538 Rostocbieosi.
1075 475 1254 540 Eademest

187 576 272 657 bujus
288 586 371 655 atquc
387 572 541 650 superioris
557 574 690 635 editionis
705 576 817 649 charta,
833 575 907 636 idem
921 575 1077 637 litterarum
1091 577 1252 651 character,

190 675 296 738 eaedem
313 674 473 757 signaturae.
484 674 525 734 At
536 673 625 735 editio
637 674 743 737 Stoerii
755 697 843 734 unum
856 674 986 754 idemque
995 674 1106 757 insigne
1116 675 1147 735 in
1157 674 1254 737 fronte

190 773 273 833 babet
287 784 371 853 atquc
387 769 416 828 in
427 769 499 841 ἤπιος
515 770 603 831 editio
619 783 719 831 contra
731 769 873 831 Anthonii
890 769 920 829 in
936 769 1032 832 fronte
1049 769 1123 831 aliud
1140 770 1254 854 insigne

190 873 290 947 babet,
305 873 334 932 in
347 873 402 934 fine
417 872 492 932 idem
503 870 581 952 qnod
593 870 751 931 Stoeriana.
762 869 868 931 Subest
876 869 968 950 aliqua
978 869 1069 943 fraus,
1083 868 1182 930 similis
1194 870 1252 945 illi,

151 1004 158 1017 ο
190 991 245 1053 qna
258 969 349 1031 editus
362 981 406 1029 est
420 967 521 1031 eodem
534 989 611 1029 anno
624 970 714 1052 Hagoe
729 967 811 1027 simul
825 966 1146 1027 Comitumctbondini
1157 970 1253 1028 Hora-

189 1066 245 1128 tius
257 1064 456 1152 Cuningamii‚
473 1064 550 1126 nulla
562 1087 593 1125 re
607 1064 678 1138 alia,
694 1063 748 1124 nisi
759 1063 923 1147 insignibus
935 1063 1155 1145 nominibusque
1162 1064 1254 1125 libra-

190 1165 300 1228 riorum
316 1166 454 1228 diversus

232 1263 361 1325 Melioris
380 1276 458 1326 uotae
476 1262 588 1334 videtur
606 1283 687 1335 csse,
710 1283 764 1327 nec
776 1222 869 1324 tameo
886 1274 930 1323 est
944 1262 1070 1343 ejusdcm
1085 1282 1151 1322 anm
1143 1261 1255 1324 'editio

192 1363 394 1447 Lugdunensis
412 1364 490 1427 baec·
574 1442 575 1445 Ἴ
604 1422 610 1430 ,
671 1423 673 1425 ,

198 1542 201 1551 ,
235 1490 393 1564 eumn,
411 1489 534 1561 Tibulli,
552 1489 693 1566 Propertl
712 1488 805 1570 Opera
821 1510 885 1569 quae
899 1500 1010 1548 exstant
1022 1486 1139 1559 omnia,
1155 1486 1189 1546 ad
1203 1505 1273 1547 ve-‘

190 1589 297 1650 tustiss.
312 1590 376 1651 cod.
393 1588 574 1650 bibliotbeo‘c
586 1588 652 1648 Joc.
669 1586 803 1645 Grasseri
811 1586 931 1647 fideliter
942 1587 1023 1647 edita.
1035 1585 1147 1661 Quibus
1158 1605 1256 1645 acces-

191 1698 291 1748 serunt
301 1686 425 1748 Cornell
442 1684 519 1747 Galli
532 1682 699 1767 fragmenta.
716 1681 861 1761 Lugduni,
882 1683 1165 1756 Mocvtl‚in-12.

231 1787 301 1846 Νοιι
315 1784 395 1844 valde
408 1783 555 1864 antiquum
569 1782 655 1844 fuisse
671 1782 800 1843 codicem
810 1805 887 1863 ,quo
898 1784 929 1841 in
940 1783 1132 1842 celebrioribus
1151 1781 1256 1841 Gallio

190 1893 218 1942 et
231 1884 345 1963 Anglioe
362 1884 533 1943 bibliothecis
549 1884 687 1942 meliorem
703 1883 903 1965 deprehendero
919 1883 1044 2003 potuisse
1061 1893 1146 1963 negat
1162 1881 1256 1941 Gras-

192 2007 290 2058 serus,
307 1984 400 2045 statim
417 1984 447 2043 in
461 1983 588 2044 oculos
579 1984 736 2043 incurrit.

232 2087 282 2144 Jo.
290 2083 437 2145 Passeratii
450 2081 684 2143 commentatum
697 2081 840 2141 Catullum
847 2080 1257 2191 ,TibullumetPropertium
1298 2136 1302 2143 .

173 2213 175 2216 ·
194 2181 315 2242 Pansus
327 2181 401 2261 apud
415 2182 461 2243 Cl
477 2181 649 2251 Morcllum,
670 2177 791 2253 1608,
782 2203 831 2240 ιιι-
813 2180 914 2242 -lolio

233 2277 325 2336 Verba
344 2291 438 2357 poetae
456 2277 549 2357 ipsae
567 2276 702 2359 Scaligeri
720 2297 781 2336 esse
802 2276 968 2339 recensione
989 2275 1087 2338 asserit
1109 2276 1257 2359 Heynius,

140 2417 142 2420 <
195 2386 315 2457 negante
327 2375 444 2436 Vossio.
466 2375 545 2435 ldem
564 2374 713 2448 observat,
728 2374 878 2435 Passeratii
895 2375 1093 2452 praelectiones
1108 2386 1159 2434 s‘eu
1176 2386 1259 2435 notas

195 2466 259 2534 oon
267 2485 361 2534 totum
371 2486 500 2556 quartum
511 2474 613 2533 librum
626 2473 793 2551 complecti,
805 2485 838 2534 ut
851 2472 922 2535 falso
934 2473 1039 2534 dixerat
1051 2471 1197 2555 tteynius,
1209 2473 1260 2534 sed

197 2572 291 2633 solum
308 2586 418 2633 carmen
436 2569 636 2632 in‘bicssalam.
675 2588 680 2605 ’
744 2577 766 2592 ¹'

241 2674 336 2753 Opera
347 2671 471 2743 Catulli,
486 2670 594 2731 Tibulli
602 2670 756 2749 ,Properti
777 2671 908 2732 ctCorn·
925 2671 1018 2744 Galli,
1031 2671 1089 2731 sive
1099 2671 1262 2733 Maximiani

194 2769 300 2850 potius.
316 2770 390 2829 Cum
401 2768 494 2846 indice
506 2767 620 2830 Horatii
632 2769 816 2829 Tuscanellae.
828 2768 926 2828 Editio
937 2770 1047 2828 auctior
1058 2768 1175 2847 lnaupcr
1186 2790 1261 2851 poc·

195 2869 315 2929 matibus
333 2870 466 2950 aliquot,
490 2892 553 2949 quae
573 2890 638 2930 vere
656 2870 747 2929 Corn.
767 2870 853 2930 Galli.
876 2870 1013 2929 Hooooioe
1035 2869 1108 2950 typis
1129 2872 1176 2929 W
1172 2872 1260 2929 ecbel.

196 2967 271 3048 apud
289 2967 333 3027 Cl.
349 2967 490 3028 Marnium
503 2980 532 3027 ct
545 2969 663 3029 henou
680 2967 798 3041 Aubn'i,
820 2965 915 3042 1608,
932 2964 1024 3027 isi-8⁰.
1086 3006 1088 3010 ι

238 3070 292 3127 Est
309 3067 458 3148 repetitio,
472 3079 607 3148 quantum
618 3068 768 3151 intelligo,
785 3068 914 3145 pessimae
930 3067 1099 3130 Basilccnsis
1110 3092 1174 3130 cum
1185 3072 1260 3132 Tus-

198 3165 313 3228 cancllae
324 3164 441 3236 indice,
452 3187 479 3225 v.
494 3186 557 3241 sup.
571 3165 606 3223 ad
619 3163 705 3224 1530.
717 3168 808 3242 (lion
821 3166 859 3226 ita
870 3189 903 3228 se
917 3189 976 3227 non
989 3167 1109 3241 babere,
1121 3167 1260 3230 affirmem

196 3263 252 3326 alii.
268 3262 389 3324 Videant
405 3261 507 3343 quibus
516 3261 630 3323 facultas
647 3262 816 3341 inspiciendi
832 3279 861 3327 et
872 3267 1050 3346 otiumcst)
1067 3269 1144 3329 Sunt
1155 3289 1196 3328 eae
1209 3289 1259 3328 re-

197 3364 294 3444 petitae
310 3361 449 3422 editiones
467 3357 687 3423 1618u1621.
1071 3389 1073 3394 ·

240 3464 288 3524 At
301 3463 372 3521 banc
382 3460 541 3522 ‘editionem
558 3463 799 3524 notatssessenius
810 3485 820 3521 .·
831 3462 974 3524 «Profert
988 3466 1058 3527 Job.
1071 3468 1163 3529 liene.
1179 3471 1260 3530 Vos-

198 3563 277 3635 sius,
294 3583 323 3638 p.
338 3557 393 3635 25,
410 3581 444 3620 er
461 3559 631 3623 bibliotbeca
649 3561 779 3623 Heidelb.
794 3562 948 3624 editionem
963 3562 1128 3646 impressam
1139 3566 1261 3625 Parisiis

196 3661 270 3741 apud
289 3661 374 3739 Ony,
389 3680 434 3719 an.
448 3657 541 3733 1608,
559 3681 623 3720 oum
641 3661 717 3722 notis
729 3662 868 3746 Cyllenii,
879 3661 978 3737 Statii,
994 3665 1118 3738 Mureti,
1130 3667 1257 3737 Doctae,

127 3817 139 3831 ,
200 3757 344 3842 scaligeri.
361 3760 432 3818 Haec
448 3758 544 3820 eadem
556 3758 669 3820 videtur
685 3781 745 3822 esse
761 3760 868 3834 editio,
883 3764 966 3842 quam
984 3760 1094 3839 profert
1101 3780 1210 3821 censor
1228 3760 1260 3818 in

198 3860 266 3922 bibl.
283 3861 347 3924 etit,
360 3861 414 3936 Vl,
428 3860 462 3919 P.
479 3875 534 3931 ιιι,
551 3880 614 3941 pag.
631 3859 689 3943 59,
711 3883 756 3924 an.
775 3861 870 3935 1608,
887 3861 988 3923 in-sol.
1005 3861 1176 3943 impressam·
1194 3859 1259 3919 Ln-

197 3964 270 4021 tctioe
286 3961 317 4021 in
334 3960 445 4021 officim
459 3958 661 4042 typographica
676 3961 789 4024 Claudii
805 3960 941 4034 Motelli,
962 3959 1006 4022 via
1019 3958 1142 4020 Jacobea
1157 3957 1192 4017 ad
1208 3956 1260 4017 in·

198 4059 279 4144 signe
295 4059 405 4133 fontis,
425 4081 485 4122 non
500 4057 561 4120 sinc
575 4057 664 4140 Regis
680 4061 829 4144 privilegio
847 4085 853 4121 :
872 4083 956 4142 quem
972 4061 1085 4123 titulum
1106 4059 1176 4123 dicit
1194 4081 1257 4122 csse
