2722 4762
828 63 844 90 s

794 98 824 164 All

320 351 339 380 ⁷
459 353 576 415 vrrs
606 354 816 416 rmum.
1121 365 1165 445 χοὶ
1225 302 1228 312 ’

98 501 177 574 dem
202 491 376 572 Tibullum
400 496 587 624 Messallap
606 489 832 624 Eundemqsss
861 518 893 575 et
913 503 1004 575 domi
1027 519 1059 576 et
1085 503 1167 577 foris

96 633 210 708 multis
237 619 367 769 donisp
393 648 426 704 et
446 630 615 706 favoribus
636 632 851 731 sublevavit†
879 636 997 734 Neque
1014 661 1091 708 vero
1108 634 1168 708 Ti-

98 756 211 832 bullus
233 755 297 830 fide
319 782 429 828 miuus
451 753 580 850 integra
604 784 799 858 quacunque
823 756 858 829 in
875 785 912 830 re
935 757 1087 831 obeunda
1108 786 1163 834 so-

98 879 242 979 licitus†
277 878 345 952 sed
371 876 573 978 percupidus
600 877 739 952 honoris
770 878 839 952 eius
865 896 897 952 et
925 877 1035 953 cultor
1062 900 1168 1005 eratp

98 1005 266 1100 Aegaeum
279 1029 357 1075 vero
374 1027 448 1073 cum
464 1028 502 1073 co
517 999 675 1097 navigans
688 1029 777 1074 mare
792 1000 876 1075 mala
889 1000 1070 1077 valitudine
1090 1033 1168 1104 cap·

98 1143 153 1200 tus
171 1141 250 1223 est†
272 1125 369 1198 Tunc
388 1120 505 1197 salutis
517 1115 627 1196 ¹causa
644 1123 828 1223 proximam
851 1124 886 1196 in
910 1143 1029 1200 terram
1046 1126 1169 1228 phaea-

99 1249 179 1324 tiam
195 1250 284 1324 bona
300 1275 375 1321 cum
390 1244 557 1320 Messallae
573 1244 707 1321 licentia
719 1247 885 1322 conscilio
902 1248 1073 1324 voluntate
1091 1279 1170 1325 con·

98 1372 199 1447 cessit
218 1396 374 1471 armaque
391 1370 506 1470 posuit
524 1368 595 1467 ibi†
625 1369 676 1443 Ac
699 1371 840 1468 spraetis
860 1371 919 1471 qui
936 1371 1067 1445 divitias
1086 1385 1180 1449 aurov

97 1495 190 1570 fulvo
204 1509 416 1591 crugererentas
444 1492 499 1566 Ad
516 1490 700 1565 litterarum
719 1493 794 1565 ocia
808 1520 892 1594 quae
911 1493 976 1568 iam
990 1493 1168 1597 reliquerat

29 1722 31 1733 Ι
98 1618 221 1716 rediit†
240 1613 408 1718 Epistulas
426 1613 607 1688 familiares
628 1616 674 1688 ael·
688 1615 826 1689 Amicos
848 1614 1034 1715 complures
1055 1636 1095 1692 et,
1111 1619 1169 1693 de-

99 1741 298 1875 lectabiles‡
314 1768 420 1826 metro
439 1768 473 1824 et
488 1777 589 1851 prosa
607 1750 721 1850 dedit†
734 1751 855 1826 libros
872 1769 982 1826 autem
997 1770 1064 1829 tres
1080 1783 1168 1830 ama·

101 1877 186 1950 toria
208 1876 249 1949 de
266 1903 302 1948 re
319 1903 412 1948 suam
432 1875 476 1948 ad
492 1870 610 1947 deliam
627 1872 786 1974 eligiatms
808 1893 914 1949 metro
931 1875 1088 1977 scripsit†
1113 1879 1168 1953 Sic

101 1999 188 2074 enim
212 2027 294 2100 quae
315 2000 449 2072 nomine
472 2024 551 2070 vero
568 1995 697 2071 Plautia
714 2016 888 2073 vocaretur
912 1999 978 2073 hoc
1000 2001 1065 2075 isto
1089 2002 1168 2078 ficto

100 2123 234 2198 nomine
248 2151 287 2196 ac
301 2151 371 2195 non
384 2150 446 2195 suo
457 2118 659 2223 appellavitp
670 2119 768 2222 plura
780 2149 851 2202 nou
865 2123 1037 2224 scripsisse
1052 2125 1170 2200 Tibul.
1297 2199 1300 2205 Α

100 2247 154 2322 lus
174 2264 405 2344 memoraturp
421 2244 519 2320 Obiit
539 2262 678 2319 mortem
700 2245 736 2318 in
757 2245 840 2324 llore
861 2246 1041 2321 iuventutis
1059 2250 1166 2323 Natus

102 2400 179 2445 vero
195 2388 246 2444 est
256 2369 387 2472 hyrtioss
400 2386 431 2442 et
448 2377 552 2470 ponsa
565 2367 766 2443 consulibus·
777 2369 912 2443 biennio
925 2388 1103 2472 postquam
1115 2400 1167 2445 ce-

101 2523 158 2569 sus
167 2492 329 2569 estlulius
339 2496 488 2591 Caesar†
501 2489 634 2565 Natalis
644 2518 778 2590 quoque
789 2493 899 2565 ovidio
909 2494 1036 2567 Nasoni
1048 2512 1167 2594 poetae

100 2647 207 2693 annus
222 2618 310 2692 idem
323 2618 387 2691 fuit
402 2618 445 2691 Se
462 2615 594 2717 quidem
609 2631 769 2686 memorat
785 2631 899 2687 natum
914 2630 1053 2714 uterque
1069 2644 1166 2689 versu

100 2744 167 2817 isto
185 2744 272 2818 Cum
289 2741 406 2817 cecidit
421 2739 491 2813 fato
507 2733 627 2812 consul
643 2752 783 2834 uterque
800 2736 896 2836 parias
918 2739 1003 2812 Nam
1018 2738 1062 2811 ad
1086 2735 1167 2810 libe·
1281 2785 1284 2792 -

100 2866 242 2941 randum
262 2866 399 2939 brutum
421 2859 573 2938 consules
596 2856 752 2958 hyrciusss
780 2877 811 2933 et
834 2889 936 2961 pansa
960 2858 1051 2934 missi
1076 2861 1165 2960 apud

101 2991 268 3064 Mutinam
280 2989 460 3089 fugatoque
470 2983 620 3059 Antonio
628 2981 762 3122 pempti
774 2981 865 3080 sint†
886 2985 977 3057 Ilaec
989 3001 1069 3057 sunt
1083 3012 1166 3084 quae

102 3125 143 3198 cle
160 3122 288 3198 Tibulli
303 3122 370 3196 vita
383 3119 530 3196 invenire
546 3122 666 3220 potuiss
