2722 4762
188 313 279 394 umj
571 309 632 369 ns
661 307 861 368 11111111

181 440 279 503 Vossii
295 440 423 512 ratione,
440 439 490 521 qni
505 438 621 501 tertium
638 438 790 521 elegiarum
806 436 909 497 librum
928 436 1076 519 Lygdamo
1090 434 1248 511 adscribit,

184 552 215 602 et
228 561 339 601 carmen
355 539 390 599 ad
404 538 552 600 Messalam
563 538 681 600 Tibullo
695 537 836 610 vindicat,
855 533 926 618 quid
942 547 1074 609 censeat,
1092 537 1186 617 paucis
1201 538 1251 597 de-

185 639 318 714 claravit,
337 637 459 721 denique
471 638 609 700 nonnulla
623 636 797 699 editionibus
815 636 898 718 bujus
912 647 1006 713 poetae
1018 635 1128 719 adjecit.
1143 637 1250 696 Textui

185 762 201 800 e
218 739 335 823 regione
352 738 448 821 posuit
463 737 624 800 versionem
640 720 833 809 vernaculam,
851 733 985 817 subjectis
1001 734 1131 798 brevibus
1150 735 1248 806 notis,

185 861 249 919 qum
262 838 524 917 interpretationem
536 849 621 920 atque
634 837 850 914 explicationem
863 837 978 897 maxime
989 846 1126 918 spectant.
1144 838 1180 896 ln
1193 835 1250 897 fine

184 937 317 998 editionis
328 949 386 999 tres
398 937 566 998 exhibentur
576 935 845 1008 commentationes,
859 935 889 994 in
903 956 1019 1017 quarum
1032 932 1120 1015 prima
1130 932 1166 991 de
1178 953 1251 994 nora

185 1041 234 1099 Jo.
249 1040 340 1097 Henr.
352 1035 448 1097 vossii
459 1049 552 1097 textus
565 1035 749 1108 recensione,
765 1036 850 1097 altera
861 1036 896 1096 de
907 1035 1033 1118 ejusdem
1043 1034 1175 1096 versione
1188 1054 1252 1116 ger·

187 1133 293 1197 manica
315 1135 443 1208 disserit;
471 1134 555 1194 tertia
571 1136 687 1213 exponit
709 1135 744 1195 de
765 1135 836 1216 pede
853 1134 1022 1207 trochaico,
1052 1155 1105 1215 qua
1130 1132 1193 1214 lege
1219 1132 1251 1190 in

185 1231 362 1293 hexametros
372 1231 539 1313 germanicae
552 1231 656 1315 linguae
666 1232 855 1295 admittendus
865 1233 911 1293 sit.
922 1265 962 1280 -
975 1232 1109 1292 Ceterum
1123 1228 1250 1290 auctoris

188 1353 316 1404 nomen,
335 1332 413 1415 quod
428 1331 459 1391 in
477 1333 561 1394 titulo
576 1344 605 1393 et
619 1332 785 1414 prolatione
799 1332 936 1395 omissum
952 1343 1011 1406 est,
1029 1330 1133 1412 legitur
1147 1329 1178 1389 in
1193 1328 1251 1388 fine

187 1431 301 1492 alterins
318 1432 586 1506 commentationis,
606 1455 668 1516 pag.
690 1431 756 1493 181.

229 1538 305 1599 Attii
327 1537 435 1598 Tibulli
456 1537 585 1598 carmina.
606 1537 713 1621 Heynii
729 1538 797 1599 edic
813 1551 912 1620 quarta
930 1560 1009 1600 nunc
1029 1549 1111 1598 aucta
1128 1536 1204 1598 notis
1223 1549 1253 1602 ct

188 1638 250 1699 obs.
268 1642 301 1700 F.
315 1640 350 1698 Ε.
369 1636 592 1698 Wunderlicbii.
609 1638 732 1720 Lipsioe,
756 1635 849 1722 1817,
866 1637 962 1699 in-80.

230 1741 265 1798 ln
272 1736 377 1819 Heynii
386 1735 512 1819 vestigiis
524 1757 584 1797 uon
593 1735 714 1797 fideliter
725 1735 856 1797 constitit
865 1734 1148 1817 auctonlldjumenta
1159 1754 1254 1795 emen·
1354 1755 1356 1759 ·

190 1845 288 1908 dandae
300 1843 429 1905 lectionis
442 1855 545 1925 praeter
556 1842 736 1924 superiorum
747 1842 889 1904 editorum
901 1841 996 1921 copias
1006 1842 1167 1924 apographa
1180 1841 1254 1904 dno-

187 1971 251 2009 rum
268 1944 362 2007 Codd.
377 1943 481 2004 Znicl.
498 1943 528 2002 in
544 1958 638 2023 partes
653 1945 775 2005 vocavit.

198 2099 201 2108 ,
231 2052 308 2113 Albii
324 2051 433 2112 Tibulli
449 2050 587 2128 carmina,
608 2063 680 2123 etc-3
698 2052 743 2113 ed.
762 2055 798 2114 E.
815 2052 850 2113 C.
870 2055 904 2113 F.
920 2049 1129 2114 Wunderlich.
1153 2049 1252 2123 oon,

194 2147 289 2223 1818,
307 2147 399 2209 in-80.

237 2248 316 2311 Albii
339 2248 449 2310 Tibulli
468 2249 556 2331 elegia
583 2250 690 2311 decima
715 2249 780 2311 libri
806 2249 892 2328 primi
914 2249 1128 2311 annotationem
1153 2247 1257 2331 adjecit

194 2349 339 2433 Georgius
353 2348 542 2411 Klindwortb.
561 2349 682 2431 lipsio,
708 2348 793 2411 1818.

229 2457 308 2518 Albii
319 2456 427 2518 Tibulli
441 2459 578 2532 carmina,
592 2470 671 2518 textu
679 2457 714 2518 ad
725 2458 801 2546 Cod,
816 2460 879 2521 Ms.
893 2469 922 2518 et
936 2457 1075 2519 editiones
1087 2457 1257 2539 recognito,

190 2566 370 2650 concinniori
393 2566 524 2628 lectionis
547 2566 702 2642 varietate,
722 2579 796 2640 etc-3
821 2566 912 2628 edidit
931 2570 967 2628 E.
986 2568 1021 2628 C.
1043 2564 1151 2628 Christ.
1168 2566 1256 2626 Bacb.

193 2663 315 2747 Lipsim,
338 2662 430 2749 1819,
448 2662 539 2724 in-80.

210 2759 213 2767 ⁴
230 2775 275 2833 De
288 2786 371 2853 poeta
382 2770 455 2834 bene
470 2771 609 2846 meritus,
621 2793 713 2855 neque
725 2773 899 2856 Heynianam
915 2792 1008 2852 neque
1017 2769 1184 2837 Vossiamm
1199 2767 1256 2827 lec·

189 2867 299 2929 tionem
313 2869 436 2950 pressius
453 2880 567 2931 secutus
584 2882 645 2941 est,
663 2882 695 2928 ut
707 2868 767 2949 ipse
784 2869 815 2928 in
829 2869 995 2948 praelatione
1012 2867 1142 2928 declarat.

233 2974 312 3035 Albii
335 2975 443 3036 Tibulli
467 2977 587 3038 carmina
609 2999 625 3038 e
644 2976 812 3038 recensione
833 2990 863 3037 et
885 2998 949 3037 cum
969 2970 1255 3036 animadversionibus

193 3073 313 3133 lmman.
331 3074 367 3134 C·
385 3072 533 3134 Huscbkii.
556 3075 645 3136 avol.
664 3076 789 3157 Lr‘psioe,
810 3073 896 3159 1819.

233 3182 307 3254 Hic,
319 3205 373 3263 qua
384 3181 520 3259 opinione
527 3206 606 3258 snm,
617 3204 717 3244 omues
728 3184 858 3248 omnium
867 3186 998 3248 doctrina
1005 3196 1035 3245 et
1044 3183 1163 3267 ingenio
1170 3181 1256 3265 longe

200 3293 266 3363 post
281 3302 310 3340 se
327 3280 452 3362 reliquit.
769 3271 772 3277 ⁴

235 3385 313 3446 Albii
330 3386 454 3459 Tibulli,
471 3386 636 3468 Propertii,
652 3388 721 3449 edit.
739 3389 907 3452 Taucbnita.
922 3390 1041 3472 Lipsria,
1063 3384 1108 3448 18.

235 3495 315 3557 Attii
335 3497 444 3557 Tibulli
464 3501 584 3560 carmina
604 3521 638 3559 ex
662 3513 738 3578 post.
763 3502 835 3563 Chr.
858 3500 942 3564 Gotl.
964 3503 1059 3586 Heyn.
1077 3498 1260 3584 castigatione

196 3598 286 3661 edidit
302 3599 332 3660 J.
351 3597 393 3658 A.
405 3599 507 3659 Amor.
524 3601 663 3672 Pansiis,
686 3600 773 3661 1821.

239 3709 351 3772 Prodiit
367 3704 423 3769 una
438 3730 503 3769 cum
518 3710 633 3772 Catullo
647 3712 724 3772 inter
738 3712 892 3793 scriptores
907 3713 1009 3775 latinos
1024 3712 1176 3791 principes·

238 3820 435 3879 -Hactenus
449 3818 483 3878 de
495 3817 675 3880 editionibus.
687 3822 732 3881 Ex
741 3821 856 3898 scriptis
871 3823 998 3885 virorum
1008 3821 1178 3892 doctorum,
1196 3836 1262 3898 qum

203 3917 352 3979 Tibullum
367 3927 514 3999 spectant,
530 3917 592 3978 baec
604 3919 686 3981 nobis
700 3918 853 3983 innotuere
869 3943 877 3980 ε

122 4024 123 4027 ’
247 4023 285 4081 Η.
303 4024 338 4085 C.
356 4027 394 4086 A.
409 4022 565 4087 Eicbstadii
581 4025 783 4107 Programma:
808 4025 988 4110 disputantur
1001 4022 1139 4087 nonnulla
1154 4022 1190 4084 de
1208 4022 1258 4098 iis,
