2722 4762
251 387 521 452 CODIClBUS
551 388 610 450 ΕΤ
639 390 973 458 EDITIONIBUS:
1111 403 1148 463 lix

82 540 212 584 successu
232 531 343 594 curata,
360 519 514 602 eademque
535 521 716 605 dignissim,
737 542 802 605 quea
824 541 903 584 ame
919 537 987 607 post
1003 529 1148 610 Heyninm
1236 590 1239 597 ,

37 617 38 621 ’
80 619 174 682 denuo
184 617 392 678 accuratissime
402 629 599 692 excuteretur,
617 631 749 701 experto,
766 621 856 703 majus
864 621 971 703 aliquid
983 621 1150 688 informasse

79 716 175 778 animo
193 711 421 792 Calpburnium,
440 737 522 796 quam
543 715 723 799 Cyllenium,
742 717 790 798 qui
810 740 963 800 numquam
982 733 1149 810 contextum

79 816 299 880 emendatiorem
309 815 415 888 edidit,
425 816 505 899 quod
516 815 707 893 perfecturum
721 838 750 879 se
760 815 847 878 fuisse
859 818 887 877 in
897 820 1038 896 prooemio
1049 822 1149 885 scribit

78 916 145 989 ille,
164 916 218 975 nisi
235 937 385 993 operarum
400 915 573 998 negligentia
588 915 753 977 obstitisset.
770 919 833 992 Qua
851 917 933 978 dere
950 920 1075 1000 quaedam
1089 933 1147 982 tam

79 1015 236 1092 prudenter
250 1014 360 1076 monita
374 1014 433 1074 illic
448 1015 646 1092 reperiuntur,
659 1028 692 1075 ut
706 1030 817 1098 gratnm
831 1038 875 1077 me
892 1017 1030 1079 iacturum
1048 1021 1149 1082 barum

79 1131 175 1171 rmum
192 1111 349 1172 amantibus
368 1110 505 1185 arbitrer,
525 1112 550 1171 si
566 1109 679 1188 potiora
698 1111 730 1171 in
746 1115 824 1173 bunc
842 1114 937 1174 locum
953 1117 1148 1178 transcribam.

80 1212 186 1274 Scrila‘t
199 1222 302 1272 antem.
315 1212 365 1272 Jo.
379 1209 571 1288 Calphurnius
584 1211 735 1270 Hermolao
745 1211 821 1290 juris
833 1215 973 1293 utriusque
988 1215 1094 1274 doctori
1100 1235 1149 1297 pe·
1250 1288 1257 1297 ,

79 1311 230 1382 nbistiuo,
249 1305 577 1385 Omtorifacundissimo
586 1318 614 1366 et
623 1311 785 1390 philosopho
796 1310 983 1369 emditissimo
991 1311 1044 1370 ita:

118 1419 261 1480 Homines
274 1417 365 1479 aetatis
382 1429 506 1490 uostrse,
526 1416 680 1479 Hermolae
695 1416 912 1490 facundissime,
928 1419 977 1498 qni
993 1418 1148 1481 litterarum

79 1540 213 1599 perquam
228 1517 350 1579 studiosi
364 1526 448 1591 sunt,
462 1515 578 1578 mirifice
589 1516 678 1576 luctari
691 1529 829 1594 possunt,
846 1516 924 1597 quod
941 1518 971 1575 in
985 1516 1150 1580 immensam

81 1615 217 1678 librorum
234 1615 345 1694 copiam
359 1615 529 1689 inciderint,
547 1637 601 1697 qua
615 1628 645 1677 et
656 1616 746 1698 prisca
759 1627 826 1677 aetas
840 1628 869 1676 et
881 1639 931 1690 ea,
945 1639 1009 1697 quae
1020 1629 1149 1678 nostram

80 1713 241 1789 praecessit,
260 1710 399 1783 caruerit3
417 1734 481 1792 quse
498 1712 612 1793 quidem
627 1733 661 1772 ex
676 1712 879 1790 impressorum
897 1733 1018 1774 numero
1038 1725 1149 1775 tanturn

80 1815 183 1887 crevit,
196 1826 230 1874 ut
239 1817 295 1897 jam
305 1834 420 1876 necesse
430 1812 468 1873 sit
480 1835 539 1874 non
549 1812 733 1874 bibliothecas
743 1825 833 1888 totas,
845 1813 895 1874 sed
906 1814 1008 1875 domos
1019 1814 1148 1897 implere.

80 1915 204 1986 Verum,
218 1925 251 1973 ut
264 1914 360 1994 inquit
370 1925 455 1990 poeta
465 1911 512 1973 ille
521 1911 688 1972 clarissimus
699 1956 709 1987 ,
719 1923 748 1972 et
753 1915 851 1972 urticoe
858 1914 990 1994 proxima
1001 1935 1075 1994 soepe
1083 1934 1148 1975 rosa

81 2025 135 2086 est,
154 2035 216 2075 non
228 2013 326 2091 potuit
337 2013 394 2073 boc
409 2011 538 2085 divinum
552 2034 674 2086 munus,
691 2024 724 2072 nt
734 2012 763 2072 in
775 2013 904 2073 humanis
914 2013 1040 2074 accidere
1052 2015 1146 2091 solet,

80 2133 114 2173 en
129 2108 209 2174 bmni
221 2124 300 2194 parte
314 2132 375 2172 esse
390 2111 558 2192 perlectum.
574 2111 649 2170 Huic
662 2111 738 2172 enirn
749 2132 839 2172 unum
853 2111 950 2172 deesse
959 2112 1061 2187 video,
1078 2113 1147 2174 dili-

80 2226 191 2296 gentem
207 2226 237 2273 et
247 2223 404 2272 accuratam
413 2209 552 2271 librorum
563 2209 784 2292 castigationem.
796 2209 866 2269 Sine
882 2211 933 2271 bac
944 2211 1081 2294 quicquid
1096 2213 1146 2288 fit,
1211 2258 1212 2261 ι

77 2313 179 2376 l'rnstra
193 2314 255 2374 fieri
273 2334 387 2374 necesse
406 2323 460 2373 est·
482 2314 555 2372 Nam
576 2324 605 2373 et
625 2310 800 2373 discentibus
817 2334 917 2373 sensus
935 2313 1097 2387 obscurus,
1118 2328 1147 2375 et

78 2413 169 2476 doctis
184 2413 302 2475 taedium
312 2411 428 2473 minime
442 2411 621 2471 tolerandum
631 2410 765 2494 insurgit.
780 2410 857 2471 Hinc
865 2424 899 2471 >et
910 2434 1009 2473 nnuca
1018 2415 1147 2494 qwtbm

77 2514 238 2593 deponendi
246 2515 384 2577 assiduam
391 2513 545 2574 lectionem
555 2509 698 2586 oboritur,
706 2529 1010 2593 quamnonnnmquam
1018 2514 1146 2591 pluribus

76 2614 201 2676 delicatis
216 2627 245 2674 et
261 2612 343 2696 copia
362 2613 421 2696 ipsa
441 2610 577 2694 suggerit.
597 2611 674 2669 Huic
694 2610 737 2668 rei
755 2609 944 2691 pulcherrime
963 2626 1145 2684 succurrant,

75 2715 127 2796 qni
144 2714 274 2795 possint,
296 2713 404 2796 quique
424 2707 560 2793 singulari
581 2708 708 2767 facundia
725 2729 757 2784 ac
775 2692 936 2803 eruditione
953 2709 1063 2785 praediti
1081 2709 1148 2770 sint

76 2813 155 2873 Huic
168 2823 201 2873 tu
215 2832 364 2884 succurre,
382 2823 436 2870 etc.
449 2808 615 2869 Conantem
630 2806 690 2865 baec
702 2805 735 2864 ad
748 2817 775 2864 te
786 2783 904 2864 sciibani
912 2804 1032 2883 ,paucis
1044 2804 1149 2892 accipe

77 2909 278 2992 Superioribus
294 2909 393 2969 dicbus
409 2930 424 2967 a
441 2904 607 2989 quibusdam
621 2901 848 2966 adolescentibus
862 2903 998 2964 studiosis
1014 2917 1150 2990 rogatus,
1239 2943 1243 2951 ι

77 3020 109 3068 nt
120 3009 303 3087 Propertium
312 3020 376 3081 aut,
397 3030 422 3066 si
411 3005 544 3066 nollem
558 3006 653 3078 hunc,
656 2995 782 3105 Papinii
800 3005 897 3087 Sylvas
912 3004 1034 3065 lectione
1048 3004 1150 3087 quoti-

78 3107 181 3168 diana
171 3120 393 3190 interpretarer,
411 3127 447 3167 ne
465 3093 649 3166 desiderium
656 3093 755 3163 eorum
774 3103 947 3177 frustrarer,
965 3103 1083 3186 promisi
1103 3126 1150 3166 me

78 3204 235 3279 lemurum,
251 3205 330 3288 quod
342 3204 457 3267 vellent.
473 3204 657 3284 Quapropter
673 3226 762 3285 quum
772 3224 937 3281 percurrere
954 3204 1102 3285 coepissem
1119 3204 1151 3263 id

79 3325 166 3386 opis,
187 3303 264 3385 quod
275 3301 309 3362 V
304 3303 402 3362 enetiis
413 3303 581 3381 impressum
593 3311 636 3359 est
645 3299 782 3382 quodque
800 3300 854 3359 bos
869 3312 965 3382 poetas
979 3301 1149 3362 clarissimos

79 3401 226 3474 eontinet,
248 3397 405 3470 Cuballum,
427 3395 584 3469 Tibullum,
604 3398 778 3477 Propertium
794 3409 824 3456 et
838 3394 963 3476 Syleos:
978 3409 1023 3458 tot
1039 3397 1148 3458 mendis

78 3499 212 3562 refertum
228 3520 290 3559 esse
306 3497 460 3578 deprendi,
474 3508 508 3557 ut
518 3495 606 3578 longe
619 3494 700 3573 plura
717 3507 811 3555 essent
824 3494 926 3557 vitiosa
942 3512 971 3559 et
986 3498 1146 3580 depravata,

77 3617 159 3677 quom
169 3619 236 3680 quae
251 3595 404 3657 emendata.
422 3594 526 3655 Nullus
541 3604 617 3655 certe
632 3614 731 3652 sensus
746 3613 782 3653 ex
797 3591 839 3664 his
853 3591 917 3652 elici
932 3606 1052 3680 poterat.
1067 3594 1150 3655 Con·

77 3692 169 3755 lestim
191 3694 314 3757 conveni
333 3693 492 3755 nonnullos
508 3694 693 3770 impressores
716 3702 745 3750 et
770 3692 819 3751 e'os
836 3692 1001 3753 cohortatus
1020 3697 1099 3766 snm,
1118 3704 1150 3751 ut

76 3795 179 3857 iterum
195 3794 226 3854 id
241 3816 313 3871 opus
330 3795 526 3874 imprimerent
540 3815 572 3855 ea
589 3792 791 3867 correctione,
810 3815 895 3874 quam
915 3793 1060 3875 pollicitus
1077 3816 1151 3854 sum.

78 3897 198 3958 Possum
213 3895 305 3979 igitur
315 3894 431 3978 gloriari
446 3916 491 3955 me
503 3917 559 3954 non
569 3896 602 3953 id
609 3895 786 3966 emendasse,
805 3894 919 3971 sedsere
930 3905 1016 3953 raum
1025 3897 1151 3976 exscrip-

79 3997 168 4070 sisse,
186 4007 221 4056 ut
236 3996 301 4078 quis
317 3995 491 4072 deprendere
512 3994 619 4071 poterit
635 3994 740 4055 collato
761 4007 886 4076 utroque
901 3995 1060 4077 exempbri.
1081 3997 1150 4059 Sta-

80 4105 188 4157 tueram
199 4108 296 4158 nmen
309 4095 381 4156 nihil
396 4093 506 4177 negotii
521 4114 586 4154 cum
600 4092 819 4175 impressoribus
831 4092 951 4169 habere,
970 4098 1048 4177 quod
1058 4110 1086 4160 et
1098 4094 1155 4181 ipsi
