2746 5166
285 717 547 780 contentos
573 718 632 778 ET
658 718 989 780 EDlTlONlBUS.
1131 721 1176 800 xxj

113 847 146 909 ad
154 846 346 929 antiquiorem
358 848 439 908 illum
449 848 568 924 attinet,
585 849 653 929 qui,
668 870 749 911 more
760 850 881 910 munb's
889 849 990 923 Judet,
1005 851 1107 912 saecula
1118 875 1179 914 om·

116 947 160 1008 nia
174 948 363 1030 regionesque
382 961 521 1008 terrarum
537 948 679 1010 universas
695 948 855 1010 Tibulliana
869 949 951 1030 prole
971 949 1081 1030 poetica
1101 969 1177 1011 con-

115 1039 232 1112 severit,
247 1037 503 1115 pertinendum,
519 1039 543 1099 si
555 1040 642 1100 docto
653 1041 716 1100 viro
724 1040 867 1111 accredas;
879 1039 982 1099 mirum
994 1039 1177 1117 sauciatum,

116 1139 210 1220 quod,
222 1160 277 1220 ope
286 1139 408 1200 duorum
416 1151 526 1199 tantum
537 1138 691 1216 librorum,
703 1139 810 1201 Tibulli
822 1139 1114 1224 carminapropagavit
1124 1184 1134 1216 ,
1146 1152 1179 1201 ut

114 1249 266 1298 auctorest
274 1238 402 1318 lleynius
412 1280 421 1309 ,
436 1238 509 1315 apud
520 1258 605 1319 quem
616 1239 732 1299 unicum
742 1238 814 1298 illud
825 1238 965 1319 exemplar
976 1258 1010 1297 ex
1019 1238 1181 1319 antiquiore

114 1334 208 1417 aliquo
224 1335 333 1413 prodiit
342 1381 351 1411 ,
360 1335 441 1417 qnod
455 1348 593 1397 vetustate
606 1359 637 1398 ac
654 1337 729 1413 situ,
739 1350 787 1398 aut
799 1357 868 1397 casu·
879 1339 1007 1398 vitiatum
1019 1351 1086 1399 erat.
1099 1339 1179 1413 Quin

115 1432 182 1492 adeo
200 1434 257 1494 boc
276 1433 351 1494 baud
368 1436 459 1495 multo
475 1447 541 1516 post
557 1435 706 1518 Tibullum
724 1447 852 1514 tempore
866 1436 969 1499 evenit.
987 1462 1004 1491 α
1018 1439 1091 1497 Nam
1112 1438 1179 1496 Au-

120 1554 134 1582 »
151 1532 244 1614 gustei
258 1533 313 1594 aevi
326 1544 509 1593 monumenta
520 1533 702 1617 ingeniorum
719 1555 835 1614 quoque
854 1534 1001 1592 maximam
1016 1546 1124 1615 partem
1136 1533 1182 1592 in·

118 1655 134 1684 a
151 1629 259 1691 teriisse
273 1631 424 1707 videntur,
442 1631 538 1712 primis
554 1632 647 1692 statim
659 1629 787 1705 saeculis,
803 1630 941 1691 incendiis
957 1631 1071 1691 maxime
1083 1631 1178 1702 urbis,

118 1757 133 1782 ι·
150 1752 215 1810 quae
231 1728 286 1789 sub
303 1732 419 1791 Nerone
436 1741 465 1791 et
485 1752 536 1808 per
552 1730 657 1791 bellum
675 1727 776 1801 civile,
792 1728 870 1810 quod
887 1731 948 1811 ejus
963 1741 1084 1791 mortem
1099 1730 1179 1790 inse-

117 1854 132 1882 ι
150 1839 249 1887 cutum
258 1839 317 1901 est,
334 1827 404 1888 lacte
418 1840 502 1898 sunt3
518 1828 624 1912 colligo
636 1829 691 1888 boc
703 1828 786 1888 etiam
800 1849 835 1887 ex
852 1847 907 1899 co,
925 1828 1004 1909 qnod
1015 1829 1181 1890 Domitiano

119 1950 134 1978 s
151 1924 231 1985 laude
247 1926 342 2013 datum
360 1939 419 2000 est,
437 1928 517 2009 qnod
534 1926 718 1988 bibliothecas
737 1926 870 1986 incendio
886 1926 1044 2003 absumptas
1067 1927 1181 2003 impen-

120 2052 135 2079 ι»
152 2025 260 2086 sissime
267 2026 390 2107 reparari
399 2028 523 2102 curavit,
533 2024 737 2108 exemplaribus
748 2025 874 2106 undiquc
885 2023 982 2105 petitis
991 2027 1085 2100 (Suet
1093 2025 1181 2085 Dom.

122 2151 136 2176 n
152 2128 234 2199 ao)u.
247 2125 357 2205 ltaque,
371 2147 434 2204 quse
447 2123 547 2207 opinio
558 2124 665 2208 Heynii
676 2135 737 2196 est,
748 2123 860 2186 videtur
870 2147 884 2184 a
895 2126 1013 2185 Nerone
1026 2124 1070 2186 vel
1085 2125 1181 2185 saltem

120 2221 328 2294 aDomitiano,
346 2222 381 2282 ad
402 2222 538 2282 saeculum
554 2224 625 2282 xlv
637 2243 745 2303 usqne,
767 2221 902 2303 pristinus
922 2221 969 2284 ille
984 2221 1074 2284 codex
1096 2222 1181 2284 semel

120 2334 227 2382 uncum
237 2323 413 2400 exscriptus,
429 2323 524 2383 subito
537 2323 691 2384 innumeris
703 2318 822 2384 librariis
835 2324 865 2382 in
878 2345 976 2384 manus
989 2323 1138 2396 incidisse,
1152 2335 1181 2386 ct

119 2421 154 2482 ab
163 2421 196 2481 iis
203 2423 357 2504 variegatus
368 2435 453 2503 atque
463 2422 652 2496 deformatus,
667 2421 798 2483 omnibus
811 2421 915 2483 nostris
926 2442 980 2503 pro
990 2420 1069 2484 lonte
1078 2423 1177 2495 luisse,

119 2521 179 2602 quis
193 2542 253 2581 non
264 2521 326 2582 baec
340 2519 491 2581 admiratus
508 2542 572 2581 cnm
585 2534 671 2598 poeta
686 2522 873 2583 exclamaret?

280 2680 294 2705 ι
313 2692 321 2709 .
330 2693 420 2711 ......
436 2671 460 2710 et
472 2658 566 2711 babent
579 2679 623 2711 sua
635 2660 685 2712 fata
697 2659 778 2712 libelli
789 2683 811 2711 ».

120 2786 202 2844 Nunc
220 2785 332 2846 codices
347 2787 510 2847 recensendi
527 2798 596 2848 sunt
611 2808 728 2860 omnes,
741 2809 814 2867 quos
824 2786 947 2848 editores
963 2785 1131 2862 adhibuere,
1145 2790 1180 2875 de

119 2880 257 2962 quibusve
275 2882 382 2942 mentio
405 2903 591 2965 quaecumque
611 2883 687 2965 apud
704 2905 753 2944 eos
776 2895 836 2952 est;
853 2883 965 2942 initium
979 2881 1061 2942 faciet
1075 2884 1179 2967 lleynii

120 2980 278 3064 catalogus,
291 3005 375 3064 quem
384 2993 477 3042 tamen
487 2981 584 3041 multis
596 2981 627 3040 in
640 2981 711 3042 locis
724 2981 950 3054 emendavimus,
962 2981 1103 3042 Huscbbii
1114 2983 1182 3044 alio·

119 3098 239 3159 rumque
267 3078 475 3141 observationes
498 3077 609 3148 secuti3
634 3076 736 3136 deinde
761 3076 874 3137 codices
898 3076 1084 3138 indicabimus
1109 3101 1181 3159 quos

120 3174 158 3232 H.
170 3175 255 3235 Voss·
268 3174 376 3251 babuit,
393 3175 513 3256 denique
526 3171 624 3234 Baebii
635 3184 757 3254 quatuor
766 3171 997 3233 Berolinensium
1009 3174 1125 3235 nomine
1137 3174 1181 3232 in-

119 3273 249 3355 signitos.

160 3372 264 3454 Heynii
274 3372 367 3452 itique
378 3371 461 3431 verba
474 3383 542 3431 sunt
556 3392 620 3453 quae
636 3370 863 3454 subsequentur:
878 3395 930 3434 nos
946 3387 974 3434 te
986 3373 1127 3435 monitum
1139 3386 1180 3434 ta-

121 3496 185 3535 men
197 3473 414 3544 essevolumus,
428 3493 464 3532 ne
480 3471 514 3530 iis
531 3471 653 3532 confidas
670 3495 736 3553 quae
750 3472 784 3531 de
796 3472 968 3534 editionibus
984 3473 1030 3533 bic
1045 3473 1101 3535 loci
1114 3497 1181 3534 nar-

121 3587 178 3644 rat,
198 3595 260 3632 nam
279 3571 314 3631 dc
331 3571 374 3630 bis
396 3569 466 3630 inlra
482 3569 663 3632 llnscbbium
681 3570 771 3632 secuti
789 3583 818 3631 te
834 3571 925 3631 multo
941 3573 1057 3633 meliora
1073 3573 1180 3634 edoce-

120 3670 221 3732 bimus·
238 3672 340 3752 Neque
356 3671 436 3730 aliter
458 3691 499 3730 eae
525 3669 570 3731 bic
588 3682 798 3743 memorantur,
815 3670 870 3729 nisi
889 3682 1025 3751 quatenus
1048 3672 1179 3734 codicum

121 3768 260 3853 originem
286 3779 314 3827 et
339 3789 422 3826 usum
447 3779 584 3848 spectant.
620 3764 734 3826 Accidit
756 3763 832 3825 enim
859 3778 890 3826 ut
910 3766 974 3826 libri
994 3767 1092 3845 scripti
1115 3768 1179 3851 ple-
1257 3836 1259 3841 Ι

120 3887 241 3948 rumque
259 3888 336 3926 nnnc
353 3865 566 3940 desiderentur,
589 3866 627 3924 ita
643 3878 675 3924 ut
692 3865 758 3926 licet
774 3865 919 3949 vulgandis
940 3866 1111 3928 editionibus
1128 3870 1179 3928 in-

119 3969 298 4042 serviissent,
315 3980 407 4028 tamen
423 3988 523 4027 eorum
538 3987 632 4027 aevum
645 3986 677 4025 ac
691 3963 780 4025 forma
796 3965 907 4045 penitus
922 3965 1091 4049 ignorentur
1108 3992 1115 4028 :
1131 3968 1180 4027 ubi

120 4098 187 4137 vcro
204 4078 306 4157 passim
321 4075 449 4159 dignosci
468 4075 563 4152 potuit
577 4095 651 4134 unus
668 4074 713 4136 vel
726 4073 813 4148 alter,
829 4073 879 4155 qui
896 4074 964 4133 olim
980 4096 996 4133 a
1016 4075 1103 4136 docto
1117 4075 1179 4136 siro

119 4172 278 4249 inspectus,
291 4193 368 4232 nunc
383 4172 485 4232 iterum
502 4171 533 4230 in
548 4171 676 4253 catalogo
693 4168 765 4230 inira
776 4167 872 4249 posito
884 4171 1026 4245 occurrit,
1043 4183 1070 4231 te
1084 4172 1181 4235 notula

122 4270 156 4332 de
168 4271 220 4332 bac
235 4292 267 4331 re
280 4270 431 4332 certiorem
447 4270 574 4331 lecimus.

162 4398 178 4424 υ
196 4371 296 4445 Quum
306 4369 360 4431 sub
370 4370 466 4432 saecnli
477 4371 530 4430 XV
539 4370 643 4430 exitum
653 4369 706 4430 sub
717 4369 797 4446 prelo
814 4370 912 4431 excudi
924 4369 986 4428 libri
996 4382 1104 4432 veteres
1118 4393 1181 4431 coe·

123 4467 244 4545 pissent,
256 4469 352 4529 traditi
361 4481 429 4530 sunt
437 4469 531 4546 operis
544 4451 650 4528 Tibulli
658 4471 765 4529 codices
775 4514 784 4546 ‚
796 4470 845 4561 qni
854 4470 888 4530 ad
899 4491 1011 4530 manum
1023 4482 1118 4543 crant,
1133 4492 1183 4530 ne-
1286 4516 1288 4521 .
