2828 4762
230 388 269 431 ro
555 369 703 435 ALBII
733 370 952 438 TIBULLI

270 505 317 578 Et
329 501 492 604 placidam
510 505 602 580 soleo
620 534 773 608 spargere
788 506 871 583 lacte
890 509 1015 585 Palem.

221 621 365 710 Adsitis,
385 622 468 710 diri,
485 652 550 698 neu
567 654 625 698 vos
639 624 679 699 de
696 653 844 727 paupere
855 655 969 702 mensa

270 736 386 823 Dona,
405 764 465 809 nec
483 766 500 812 e
516 739 609 846 puris
626 739 771 839 spernite
788 732 956 815 fictilibus.

222 848 351 923 Fictilia
371 852 528 952 antiquus
543 854 686 952 primum
704 854 771 927 sibi
787 854 864 927 fecit
877 854 1016 951 agrestis

269 966 410 1056 Pocula,
428 968 468 1041 de
483 968 571 1042 sacili
591 973 843 1074 composuitque
859 971 953 1046 luto..
1252 993 1287 1062 40

254 1152 294 1206 36.
305 1151 494 1223 Calpum.Ecl.
504 1153 541 1220 V,
553 1173 589 1208 vs.
602 1159 645 1223 24:
655 1156 730 1210 «Sed

222 1247 278 1282 non
299 1242 358 1284 aute
378 1252 467 1302 greges
479 1232 507 1285 in
524 1252 616 1302 pascua
634 1234 732 1289 mittito

222 1308 339 1374 clausos,
354 1309 445 1378 Quam
464 1310 545 1365 luerit
562 1313 659 1382 placata
678 1315 731 1367 Pa·

219 1386 270 1450 les;
285 1397 341 1439 tum
356 1390 450 1458 cespite
460 1391 519 1442 vivo
531 1392 606 1444 Pone
619 1391 727 1458 locum,

221 1465 380 1535 geniumque
402 1466 451 1521 loci
472 1468 645 1539 Faunumque
669 1471 726 1522 La-

220 1560 330 1611 remque
350 1543 423 1597 Salso
441 1543 512 1599 farre
532 1566 594 1599 voca
608 1567 615 1609 ;
629 1546 729 1615 tepidos

222 1627 286 1671 tuuc
302 1618 386 1674 hostia
403 1622 498 1677 cultros
514 1624 634 1690 Imbuat,
651 1624 728 1693 alque

220 1697 319 1765 etiam,
336 1699 401 1752 dum
415 1702 494 1768 vivit,
514 1701 590 1755 ovilia
609 1702 697 1756 lustra.
714 1725 727 1750 u

137 1809 140 1813 ›
220 1777 317 1831 Noster
325 1790 395 1833 recte
404 1779 529 1850 placidam
537 1780 726 1847 voeatPalem,

220 1870 278 1920 quar
290 1874 370 1923 parvo
383 1868 507 1909 contenta
520 1858 568 1923 sit,
587 1858 652 1912 lacte
664 1871 728 1929 puta

220 1951 251 1985 ae
263 1931 315 1986 libo
323 1944 349 1988 et
358 1935 428 2002 pulte
441 1936 551 2004 agresti;
565 1938 656 1991 confer
663 1938 727 1993 Ser-

219 2010 293 2063 vium
305 2011 336 2063 ad
349 2012 443 2082 Georg.
456 2013 499 2066 lib.
518 2015 577 2079 ΙΙΙ,
598 2036 633 2070 vs.
653 2037 681 2083 1,
701 2029 729 2072 et

221 2089 388 2154 arnobium,
409 2092 452 2144 lib.
469 2093 520 2146 111.
538 2094 684 2148 Bnoucru.
696 2124 730 2137 —

221 2165 416 2220 Videnturnon
424 2168 643 2227 modorasalaete
651 2175 728 2243 plena

220 2245 335 2313 apposita
345 2245 436 2312 fuisse,
448 2248 494 2300 sed
507 2260 534 2302 et
545 2251 610 2305 lacte
622 2252 729 2323 adsper-

220 2342 280 2375 sum
292 2323 347 2377 deae
360 2325 482 2395 signum,
500 2328 549 2382 nisi
566 2343 643 2399 poeta
659 2332 729 2387 liba-

221 2401 321 2454 tionem
330 2402 409 2457 in'ara
420 2405 513 2460 [actam
526 2407 648 2475 declarat,
658 2412 729 2480 quod

221 2498 314 2532 verum
334 2481 453 2536 arbitror.
468 2485 560 2540 ΗΜ.
576 2515 609 2528 -
619 2488 651 2541 lu
669 2491 729 2558 qui·

219 2557 331 2612 busdam
343 2559 419 2616 Statii
434 2563 505 2618 libris
522 2565 618 2634 legitur
631 2568 724 2631 Palen,

220 2656 303 2706 graeca
318 2638 519 2708 terminatione,
536 2643 608 2712 quod
616 2644 691 2700 Voss.
701 2646 729 2699 in

220 2725 320 2769 textum
334 2719 439 2788 recepit.
452 2720 488 2773 Ar
499 2720 641 2776 Santenius
654 2723 727 2777 docte

221 2790 335 2846 dixerat:
345 2814 452 2862 grecam
456 2796 568 2863 firmium
575 2801 652 2867 husim
659 2805 731 2853 uoces

221 2874 333 2936 equidem
343 2880 435 2940 ignoro.
452 2875 536 2929 Nullas
553 2877 626 2930 enim
641 2897 729 2945 voees,

222 2944 272 2997 nisi
279 2967 390 3023 graecee,
404 2948 455 3004 hoc
465 2952 545 3006 modo
557 2955 731 3010 terminanda

222 3034 292 3076 sunt.
305 3024 396 3080 Simile
410 3029 538 3084 mendum
552 3032 663 3102 Virgilio
673 3032 731 3087 illa-

223 3109 279 3151 tum
288 3100 385 3155 indicat
393 3104 557 3174 Huschkius,
572 3109 626 3163 Eol.
640 3111 667 3176 l,
679 3112 729 3166 ba:

222 3181 278 3231 Au!
286 3184 380 3233 Ararr'rr
392 3184 503 3236 Parthus
514 3188 594 3250 bibet,
605 3197 652 3241 ae!
664 3191 731 3242 Gee-

222 3261 309 3308 manr'a
329 3259 422 3324 Tign'a.
447 3257 598 3329 Charisius,
615 3265 731 3319 Priscia-

222 3353 288 3399 nus,
309 3345 334 3387 et
347 3334 479 3390 Maximus
496 3339 647 3393 Victorinus
662 3339 733 3396 huuc

223 3432 327 3465 versum
338 3413 461 3480 citantes,
472 3415 631 3469 confirmant
645 3420 732 3489 Virgi-

224 3491 288 3544 lium
298 3511 404 3561 semper
413 3493 541 3563 scripsisse
554 3498 668 3560 Ararr'ar,
688 3488 732 3549 Tr!

222 3577 300 3638 grene,
314 3572 380 3624 sicut
392 3574 454 3624 Irim
466 3584 492 3626 et
502 3576 596 3628 Pamin.

257 3650 296 3718 37.
310 3648 388 3718 Apud
396 3649 557 3718 Scaligerum
567 3662 593 3704 et
601 3651 731 3707 Brouckb.

225 3728 276 3782 hoe
292 3727 419 3781 distichon
437 3739 494 3797 post
510 3749 614 3784 rereurn
633 3733 729 3801 vigesi-

226 3827 300 3860 mum
313 3818 433 3862 octavum
445 3808 551 3862 locatru.
560 3837 593 3850 -
601 3810 732 3865 Brouekh.

227 3887 453 3942 elibrisStatiauis
462 3889 732 3944 etsuisreuuosbene

225 3969 412 4040 rovocaritpro
420 3968 570 4023 neecodici
579 3969 659 4023 Paris.
670 3969 734 4023 aliis·

226 4064 277 4112 que
296 4048 450 4115 quibusdam
469 4048 567 4114 inerat,
584 4065 733 4116 eperum,

227 4121 299 4179 idem
311 4125 443 4182 Brouekh.
455 4129 583 4194 mutavit,
596 4137 624 4183 et
635 4127 731 4182 lectio-

779 1177 843 1211 nem
855 1178 902 1212 neu
913 1177 959 1211 we
967 1161 998 1210 de
1006 1175 1116 1224 paupere
1125 1175 1212 1209 mersa
1224 1176 1289 1227 pro-

779 1233 855 1300 tulit,
863 1253 922 1302 quae
930 1234 1020 1303 procul
1029 1233 1109 1287 dubio
1120 1233 1234 1303 genuina
1240 1244 1288 1288 est.

778 1312 856 1363 Boua
866 1314 898 1363 dc
908 1330 996 1363 mensa
1004 1319 1032 1363 e!
1040 1313 1183 1380 efictr'libus
1194 1310 1289 1364 dicun-

778 1397 839 1447 tur,
858 1384 952 1439 Cicero
965 1384 1029 1439 dixit
1041 1392 1137 1439 mittere
1148 1389 1179 1439 de
1192 1407 1287 1440 mensa.

777 1461 830 1515 Hic
847 1480 938 1514 mensa
958 1480 1013 1513 non
1034 1472 1072 1514 est
1088 1479 1158 1514 sacra
1173 1481 1285 1530 mensa,

777 1541 824 1593 etsi
836 1540 906 1592 iuter
919 1538 1038 1593 utensilia
1052 1559 1124 1593 sacra
1141 1539 1190 1593 hoc
1204 1560 1287 1610 genus

777 1616 942 1684 habebatur,
963 1617 1009 1670 sed
1030 1615 1126 1670 Tibulli
1145 1636 1236 1672 mensa
1258 1620 1286 1672 iu
1344 1655 1350 1662 «

776 1714 827 1764 qua
839 1694 961 1766 apposita
973 1695 1062 1765 fruges
1073 1715 1102 1748 ac
1117 1713 1195 1764 poma
1208 1708 1287 1763 suut,

777 1774 848 1828 uude
859 1795 918 1845 pars
929 1774 1062 1844 prelibata
1076 1774 1125 1827 diis
1138 1775 1167 1827 in
1178 1795 1222 1828 ara
1233 1795 1286 1847 po·

776 1852 857 1906 nitur.
871 1855 963 1907 Hm.

809 1932 849 1983 38.
861 1934 916 1985 Nec
931 1935 1030 1999 eprere‘ec
1045 1938 1150 1999 spernite
1151 1935 1287 2001 fictilibus.

777 2008 900 2079 Scaliger,
910 2030 941 2064 ex
952 2014 1041 2080 r'nfime
1049 2017 1180 2065 setestatus
1187 2012 1286 2078 codice,

776 2088 934 2156 assumpsite
940 2092 1170 2157 paroisfictr'libus,
1182 2108 1230 2158 pro
1234 2111 1287 2158 pu-

777 2171 820 2219 rr's.
840 2165 893 2220 Sed
913 2178 982 2221 recte
1001 2167 1196 2221 Brouclrhusius
1212 2187 1218 2220 :
1235 2189 1287 2222 non

777 2264 851 2312 quam
855 2264 936 2310 parva
942 2249 1077 2297 essertr'lla
1084 2265 1150 2297 uasa
1157 2245 1287 2312 testrebant,

778 2323 826 2372 sed
832 2339 906 2387 quam
914 2331 1075 2388 essentpura.
1090 2321 1131 2375 De
1142 2324 1208 2376 vasis
1218 2323 1287 2377 ficti-

778 2397 859 2462 libus,
868 2399 961 2467 quibus
973 2417 1021 2469 pro
1028 2399 1191 2470 simplicitate
1203 2401 1288 2471 prisca

778 2474 826 2528 diis
844 2476 924 2529 libare
933 2488 1038 2532 ueteres
1049 2477 1135 2530 Latini
1147 2478 1283 2547 solebant,

778 2554 850 2608 idern
857 2554 939 2609 multa
952 2556 1081 2625 congessit
1087 2557 1244 2626 scriptorum
1252 2558 1289 2610 lo·

778 2654 817 2687 ca.
834 2635 963 2688 Huscnx.

812 2713 853 2784 39.
862 2712 951 2782 Vulgo
958 2710 1054 2783 legitur
1057 2713 1242 2781 primusWitt.
1249 2734 1289 2784 pr.

779 2809 842 2843 cum
854 2789 923 2846 binis
934 2790 1036 2860 Anglic.
1047 2793 1159 2846 Heinsii.
1180 2793 1273 2847 Here.

811 2869 852 2932 4⁰·
868 2868 1063 2936 composuitque.
1076 2868 1195 2921 Tibullus
1206 2869 1290 2938 parti-

778 2942 862 2996 culam
868 2961 916 3009 que
922 2944 1068 3012 penultimo
1077 2944 1136 3014 pedi
1144 2955 1172 2998 et
1180 2945 1289 3015 quidem

779 3020 860 3072 verbo
867 3031 1024 3073 connectere
1033 3032 1118 3087 amat,
1129 3035 1289 3093 quapropter

779 3097 934 3166 plerumque
951 3096 979 3148 in
990 3098 1096 3150 tertiam
1114 3098 1224 3152 demum
1240 3119 1289 3153 se-

780 3175 841 3229 dem
851 3174 1056 3242 transferremur
1063 3176 1105 3230 hic
1112 3178 1168 3243 etl,
1177 3176 1250 3247 Eleg.
1259 3194 1287 3243 x,

780 3276 814 3310 vs.
827 3259 875 3322 54;
890 3256 934 3323 ΙΙ,
951 3255 1131 3325 Eleg.v1,rs.
1151 3256 1199 3319 16;
1216 3256 1288 3325 quod

779 3335 860 3389 etiam
871 3335 931 3388 alias
939 3335 996 3389 fieri
1009 3335 1089 3402 solet,
1098 3335 1208 3389 docente
1216 3335 1293 3388 Bur-

779 3433 880 3467 manno
892 3415 925 3467 ad
939 3414 1019 3467 ovid.
1033 3417 1144 3469 Metam.
1155 3417 1235 3482 XIV,
1249 3417 1291 3468 30.

781 3494 881 3565 Saepius
897 3494 954 3548 roci
971 3496 1140 3565 subjungitur
1156 3494 1188 3548 ad
1209 3513 1291 3564 quarn

778 3594 834 3627 nou
845 3573 962 3644 proxime
972 3585 1085 3644 spectat,
1098 3584 1128 3627 ut
1136 3574 1165 3638 Ι,
1179 3572 1252 3642 Eleg.
1263 3589 1290 3638 1,

780 3675 816 3708 rs·
826 3659 873 3718 543
887 3653 1078 3724 Eleg.1v,vs.a
1090 3674 1096 3715 ;
1111 3651 1185 3719 Eleg.
1196 3666 1230 3714 x,
1241 3647 1289 3716 {343

780 3731 823 3785 lib.
832 3732 890 3798 ΙΙΙ,
904 3731 977 3800 Eleg.
985 3747 1030 3798 vr,
1039 3750 1074 3784 vs.
1083 3732 1122 3798 47.
1133 3727 1292 3782 insolentius

781 3829 831 3880 pro
840 3819 866 3864 et
873 3810 987 3879 positum
996 3808 1049 3862 duo
1060 3807 1178 3860 membra
1187 3806 1291 3876 jungit,

782 3909 943 3960 quamquam
952 3899 1116 3960 postremum
1129 3885 1185 3939 sere
1202 3885 1292 3940 locum

782 3971 899 4037 obtinet,
907 3979 936 4022 ut
948 3971 991 4036 ll,
1005 3969 1078 4037 Eleg.
1087 3983 1114 4032 v,
1122 3985 1158 4019 vs.
1170 3984 1199 4033 7²
1210 3984 1216 4018 :
1229 3964 1291 4018 alias

784 4047 898 4102 absolute
908 4087 915 4114 ,
925 4045 1016 4116 copula
1028 4062 1113 4114 neque
1126 4040 1290 4113 precedente

782 4145 868 4196 neque
877 4133 1020 4197 sequente,
1033 4121 1161 4194 positum;
1171 4121 1200 4189 1,
1211 4119 1251 4173 El.
1260 4134 1290 4187 v,
