2722 4762
212 368 245 410 xx
596 346 655 407 DE
687 342 881 407 TlBULLl

212 507 227 534 s
244 478 292 539 lib.
304 478 381 551 Vll,
396 477 474 539 latini
486 479 625 540 sermonis
638 477 763 540 bonitate
775 477 841 539 satis
854 477 1025 546 celebratum
1039 473 1079 536 3⁰.
1090 479 1119 537 J.
1132 474 1272 558 Antiopa,

213 607 227 630 s
244 577 358 639 natione
376 575 539 637 Siculorum
555 576 714 649 oriundus,
732 599 791 638 non
812 579 932 638 multum
948 576 982 637 ab
1000 563 1088 641 initiis
1105 575 1200 638 saeculi
1216 576 1272 635 XV

212 705 226 730 n
245 674 360 747 floruit,
380 697 462 736 versu
481 686 510 736 et
532 697 615 757 prosa
630 675 759 736 oratione
774 675 926 754 plurimum
947 675 1037 736 valere
1057 673 1197 745 creditus,
1217 673 1273 733 luit

211 801 227 827 ιι
242 774 277 834 ab
284 773 411 853 epistolis
421 773 513 833 latinis
523 773 786 857 EugenioQuarto,
796 775 845 856 qui
853 774 941 835 luctus
949 773 1125 852 estpontilex
1132 795 1178 833 an.
1194 769 1268 847 1431

213 901 228 927 n
246 887 275 936 et
291 872 362 934 obiit
380 869 469 948 1446.
482 872 543 952 (cf.
558 871 702 934 Brouckh.
717 873 752 933 nd
770 874 799 948 l,
812 896 847 946 a,
864 870 942 948 24);
960 871 1020 946 4⁰st
1038 870 1145 932 Seneca
1158 870 1272 952 qnidam

211 1003 226 1031 s
246 976 281 1036 de
298 996 356 1057 quo
373 994 434 1035 non
450 975 625 1055 exploratum
637 986 693 1045 est;
710 996 815 1035 nornen
829 976 891 1055 ejus
905 973 934 1032 in
946 971 1111 1054 quibusdam
1126 970 1272 1034 codicibus

213 1103 227 1127 »
244 1073 368 1147 Tibulli,
387 1073 510 1148 Catulli,
527 1073 656 1158 Virgilii,
674 1073 845 1151 adscriptum
861 1083 951 1134 exstat
963 1099 990 1131 n.

250 1172 441 1234 Contendnnt
454 1173 577 1234 editores
591 1173 737 1255 plerique,
750 1172 840 1232 abhis
854 1172 921 1234 viris
933 1172 1030 1231 malem
1042 1191 1155 1231 manum
1169 1191 1271 1232 emen-

210 1272 372 1347 dandis,vel
380 1272 544 1350 supplendis
551 1284 678 1333 veterum
686 1271 856 1354 scriptorum
870 1271 938 1333 locis
948 1269 1098 1331 adhibitam
1106 1289 1182 1342 esse3
1192 1269 1272 1350 quod

208 1368 275 1431 licet
291 1371 496 1443 concesserim,
510 1370 605 1430 nullus
622 1382 715 1431 tamen
730 1369 800 1428 mihi
816 1391 978 1451 persuasum
990 1366 1071 1428 [sciet
1079 1365 1273 1445 interpolatio

209 1491 273 1530 nrm
285 1469 391 1552 ubique
403 1470 548 1548 irrepsisse
562 1471 592 1530 in
607 1481 730 1544 textum,
748 1471 829 1552 cujus
844 1469 962 1552 margini
976 1468 1091 1530 nomina
1103 1490 1202 1529 eorum
1217 1466 1272 1526 sd·

207 1568 310 1646 scripto
319 1581 403 1628 sunt:
414 1591 477 1628 nam
487 1591 587 1633 eorum
596 1591 727 1630 versuum
735 1569 800 1650 ,qui
811 1558 864 1646 pro
874 1567 1049 1645 interpolatis
1059 1565 1178 1627 habendi
1187 1575 1270 1637 sunt,

207 1668 363 1728 secundum
387 1680 502 1729 nasutos
526 1668 661 1749 quosdam
678 1667 818 1742 editores,
835 1665 915 1727 multi
937 1665 1051 1726 illorum
1074 1663 1190 1725 nomine
1209 1662 1272 1724 cir-

207 1767 419 1842 cumferuntur,
435 1770 484 1850 qui
498 1771 553 1851 jam
568 1768 597 1827 in
615 1767 692 1828 libris
707 1768 841 1852 leguntur
850 1766 1063 1840 vetustissimis,
1080 1767 1118 1826 ita
1129 1775 1161 1825 ut
1175 1763 1272 1824 mani-

205 1863 281 1926 lesto
292 1865 455 1942 Philelphi,
470 1865 610 1939 Pontani,
629 1876 658 1925 et
673 1863 805 1942 Aurispae
820 1875 931 1925 aetotem
946 1863 1089 1924 excedant.

248 1966 397 2050 Heynius,
413 1968 462 2050 qui
473 1966 617 2050 Scaligero
630 1965 775 2026 nonnullis
788 1966 819 2024 in
831 1965 939 2025 delictis
949 1964 1082 2039 accessit,
1098 1961 1200 2044 pariter
1210 1972 1272 2023 sta-

206 2066 261 2127 tuit
275 2067 388 2128 codices
402 2089 500 2129 omnes
515 2089 549 2128 ex
561 2087 620 2127 uno
632 2064 740 2126 fluxisse
752 2087 759 2123 :
772 2091 787 2116 «ι
795 2065 939 2126 Nerullus
953 2076 1059 2125 exstare
1070 2063 1181 2126 videtur
1193 2064 1273 2122 anti-

208 2195 223 2218 s
242 2166 348 2247 quior,
364 2166 419 2225 nisi
440 2165 514 2226 sorte
540 2164 674 2249 Scaligeri
692 2176 820 2246 excerpta
837 2187 902 2225 eum
922 2165 1081 2248 fragmento
1099 2166 1269 2249 Cujaciano,

209 2295 223 2318 υ
242 2263 339 2326 nescio
350 2264 387 2325 ¹sn
404 2287 494 2324 unum
509 2284 626 2346 quoque
638 2263 749 2325 Heinsii
760 2265 876 2346 excipias
894 2265 1084 2348 Anglicanum
1096 2294 1122 2326 n.
1135 2267 1177 2327 As
1191 2265 1270 2348 quod

238 2459 246 2487 ¹
260 2456 373 2508 lluschlr.
387 2457 417 2511 de
431 2456 572 2528 conjectum
585 2456 716 2524 meminit,
731 2457 829 2532 prodita
842 2458 870 2510 in
885 2459 990 2528 Epdem.
1001 2464 1075 2514 litter.
1089 2461 1197 2514 academ.
1209 2462 1270 2513 Jen.

205 2563 237 2614 99
249 2562 271 2594 a.
287 2562 357 2612 1777,
369 2541 519 2615 amplificata
528 2543 558 2596 ab
570 2542 686 2596 Harlesio
697 2543 818 2617 supplem.
832 2544 864 2596 ad
876 2543 985 2598 brevior.
999 2547 1071 2598 notit
1084 2545 1182 2599 litterat.
1194 2547 1269 2600 Rom.

206 2623 234 2675 P.
250 2642 270 2675 t.
284 2646 308 2698 p.
317 2624 373 2696 347,
385 2625 430 2677 ubi
442 2625 527 2678 scribit
536 2642 543 2678 ε
552 2624 661 2678 «Medio
674 2625 765 2679 stecnlo
778 2627 828 2681 XV
842 2626 927 2679 floruit
940 2627 1161 2697 quidem'l'homas
1173 2627 1269 2681 Seneca

145 2710 150 2720 ’
209 2708 330 2767 Camers,
340 2727 393 2761 non
400 2708 483 2761 latinis
491 2710 581 2777 modo,
591 2709 634 2762 sed
645 2709 720 2762 etiam
728 2711 830 2764 etruscis
841 2711 930 2763 litteris
938 2713 1139 2778 commendatus,
1151 2726 1174 2766 et
1181 2725 1267 2786 poeta;

203 2793 272 2865 cnjus
284 2794 495 2848 latinahabentur
506 2795 571 2848 inter
582 2796 695 2847 carmina
708 2795 842 2848 illustrium
855 2810 984 2870 poetarum
999 2798 1051 2851 ital.
1062 2798 1175 2851 Florent.
1191 2819 1267 2868 17²1,

205 2889 265 2928 tom.
278 2878 327 2943 lx,
343 2899 365 2951 p.
380 2877 420 2948 Sp
433 2879 456 2929 ls
469 2879 512 2948 qni
527 2878 619 2944 Ctesii,
633 2879 757 2945 Arimini,
770 2879 897 2934 Bononia
910 2894 934 2932 et
946 2881 1082 2934 Florentio
1092 2881 1208 2947 docebat,
1217 2899 1268 2933 una

206 2980 263 3011 oum
274 2960 388 3012 Porcello
402 2980 446 3012 seu
457 2960 583 3013 Porcellio
600 2961 646 3028 (de
658 2982 709 3030 quo
719 2962 812 3015 multus
828 2975 863 3014 est
873 2962 959 3016 Zenus
970 2964 997 3015 in
1012 2963 1192 3016 Dissertationi
1203 2965 1269 3018 Vos-

206 3045 275 3097 siane
287 3081 294 3108 ,
307 3057 366 3097 tom.
380 3046 407 3111 l,
426 3066 450 3117 p.
466 3046 567 3107 15·21).
582 3044 700 3097 Studium
720 3045 860 3099 litterarum
878 3067 1029 3119 graeoarum,
1043 3067 1103 3119 ques
1120 3048 1266 3119 ignorabat,

206 3124 278 3180 stulte
290 3129 389 3201 sprevit.
401 3129 478 3196 Quod
490 3128 567 3199 igitur
579 3141 699 3199 uterque,
712 3129 812 3182 homini
822 3130 913 3194 latino,
928 3132 1013 3205 grecis
1026 3152 1078 3185 non
1090 3152 1150 3208 opus
1161 3151 1212 3187 esse
1226 3134 1268 3187 lit·

122 3257 125 3263 .
206 3214 264 3267 teris
275 3226 367 3265 temere
379 3213 544 3286 predicabat,
559 3213 638 3265 immo
651 3214 733 3287 potius
746 3215 806 3267 odio
817 3215 903 3286 ireque
914 3215 940 3269 in
949 3216 1080 3270 Basinium
1090 3219 1267 3286 Parmensem,

206 3315 343 3368 gratarum
357 3296 495 3351 litterarum
508 3297 722 3364 amentissimum,
737 3299 922 3366 inflammatos,
935 3300 1020 3366 huno,
1033 3321 1108 3354 omne
1118 3313 1230 3373 tempus,
1239 3302 1268 3355 in

206 3378 294 3431 litteris
307 3379 392 3450 grecis
413 3391 607 3452 consumptum,
621 3378 727 3433 omnino
748 3381 884 3450 perdidisse
898 3379 1046 3434 clamitabat.
1064 3381 1196 3434 Basinium
1210 3403 1270 3456 gra-

206 3482 263 3514 vem
277 3474 363 3515 nactus
384 3475 419 3513 est
437 3463 623 3525 adversarium,
643 3462 687 3534 qui
707 3463 810 3534 quidem
831 3463 858 3515 in
878 3463 945 3516 binis
965 3464 1091 3537 epistolis,
1107 3464 1184 3517 altera
1197 3487 1270 3539 prosa

206 3543 318 3596 oratione
329 3555 438 3609 exarata,
451 3543 527 3595 altera
535 3543 649 3617 poetice,
666 3544 754 3614 inqua
767 3544 890 3611 ostendit,
903 3555 994 3611 poetas
1005 3546 1102 3596 intrim
1115 3548 1170 3597 sine
1180 3548 1270 3600 lt'tterr‘s

205 3632 295 3696 grecis
309 3624 373 3678 niti!
381 3644 467 3693 posse,
479 3637 566 3678 eontra
575 3639 708 3697 utrumque
718 3628 813 3699 stylum
825 3628 906 3690 acuit;
918 3627 945 3679 in
956 3641 1059 3698 utraque
1073 3641 1155 3681 autem
1167 3631 1270 3704 epistola

213 3711 341 3762 Thomnm
349 3708 472 3762 Senecam
481 3710 636 3771 Camertem,
647 3711 752 3763 nomine
759 3724 856 3764 tantum
864 3712 967 3764 Senecte
974 3751 982 3778 ,
988 3712 1129 3786 adpellavit.
1138 3713 1188 3765 llic
1194 3714 1271 3787 igitur

208 3795 304 3847 Seneca
317 3796 402 3847 forsan
415 3795 480 3860 tuit,
495 3795 539 3865 qui
553 3794 713 3867 interpolaret
731 3796 874 3862 Tibullum,
888 3794 1044 3867 Virgilium,
1059 3794 1172 3867 aliosque
1185 3808 1269 3869 poetas

208 3893 232 3932 et
249 3879 318 3948 enjus
338 3900 434 3935 nornen
454 3880 631 3954 adpingeretur
650 3881 760 3934 versibus
781 3881 936 3955 interpolatis
951 3903 973 3932 ν.
987 3881 1131 3935 llmchlius
1150 3880 1269 3953 subjicit:

209 3986 222 4008 «
237 3963 333 4015 'lamen
352 3966 473 4019 Senecam
488 3964 518 4017 de
538 3984 589 4035 qno
603 3966 685 4038 agitur
702 3965 777 4039 paulo
793 3966 914 4019 maturius
927 3965 1039 4018 floruisse
1052 3964 1216 4034 crediderim,
1230 3964 1267 4017 si-

209 4047 312 4117 quidem
331 4049 534 4122 interpolationes
549 4049 600 4120 ejus
614 4049 664 4119 jem
677 4062 795 4102 notantur
807 4049 834 4101 in
852 4050 935 4103 codice
948 4049 1041 4118 Paris,
1058 4049 1100 4121 qui
1115 4047 1218 4123 scriptus
1232 4059 1269 4102 est

209 4149 249 4181 an.
267 4131 329 4196 1423
340 4155 362 4182 s.
