2722 4762
164 361 186 413 x
438 347 693 412 nnmrnmo
717 335 960 413 numnam.

167 508 256 555 nnnc
268 540 282 568 ,
302 481 389 554 inter
405 477 531 571 ,heroas
547 497 713 570 versatur,
736 508 846 582 neque
867 481 1047 583 quidquam
1063 482 1226 560 horriduli

166 598 344 699 poematia,
353 593 591 697 quod‘libullo
601 595 802 685 obtrudunt,
813 617 1017 700 compertum
1025 599 1134 675 habet.
1143 603 1227 677 Nam

166 710 248 785 latet
264 738 351 797 eum,
372 726 437 782 tarn
450 708 539 784 soedo
553 710 695 808 carmine
708 738 767 784 sua
781 711 864 786 facta
878 712 1038 786 celebrata
1052 713 1167 803 finisse,
1184 745 1226 790 ne

166 825 343 928 triumphis
354 825 437 899 mala
445 843 607 926 precatus,
617 854 688 900 sese
695 828 807 928 potius
815 827 979 902 devictum
987 848 1117 919 voveat,
1128 861 1226 932 quam

163 941 210 1014 iu
226 958 392 1017 canutum
408 941 579 1014 victorem.

215 1056 325 1146 Delia,
342 1057 466 1131 rubore
480 1057 615 1130 subtusa
629 1085 743 1154 genas,
757 1058 895 1158 pudoris
909 1057 1033 1159 aliquid
1045 1060 1224 1147 retinebat,

163 1168 319 1246 Tibullus
332 1200 409 1246 vero
425 1170 543 1245 leniter
553 1171 628 1244 irati
642 1170 769 1244 vultum
781 1200 849 1271 prae
865 1200 900 1246 se
913 1172 1037 1260 serens,
1051 1171 1103 1247 his
1117 1173 1224 1247 verbis

163 1315 216 1362 me
233 1287 467 1389 obstupentem
483 1285 665 1388 alloquitur
681 1318 688 1358 :
1056 1278 1058 1285 ¹

212 1404 359 1490 Obone,
369 1401 586 1503 typographis
594 1392 683 1474 nunc
692 1400 853 1475 sollicitus
863 1421 898 1476 tu
907 1401 1076 1478 maledicta
1086 1405 1225 1501 ingeriS,

162 1548 304 1622 quorum
314 1518 447 1591 minima
459 1516 555 1618 culpa
566 1517 704 1590 rationis
718 1533 884 1616 expertem
899 1535 930 1590 te
942 1518 1029 1590 facit.
1041 1521 1133 1616 Quid
1146 1550 1225 1597 vero

165 1634 193 1708 si
209 1634 270 1707 tibi
281 1632 408 1718 eadem,
425 1659 497 1732 qua
511 1630 608 1718 mihi,
623 1630 841 1703 accidissent?
854 1631 926 1719 Me,
943 1658 1040 1731 quern
1053 1633 1088 1704 in
1100 1634 1225 1710 deliciis

162 1749 352 1823 habuerunt
364 1771 505 1821 romanae
517 1743 650 1845 pueliae3
664 1773 731 1832 me,
748 1775 867 1847 quem,
884 1764 1024 1847 propter
1034 1747 1141 1823 dulcia
1156 1779 1227 1825 car-

162 1866 266 1953 mina,
283 1882 335 1938 tot
347 1863 411 1936 sibi
427 1878 607 1935 amatorem
621 1878 836 1962 exoptarunt,
851 1880 932 1963 quot
946 1861 981 1934 in
993 1863 1080 1936 circo
1099 1885 1227 1966 specta·

163 1999 245 2054 turae
260 1979 311 2053 vel
335 1977 518 2080 spectandae
534 1977 705 2064 sedebant,
720 1972 824 2063 nunc,
846 2007 911 2051 una
934 2008 1008 2051 cum
1027 1979 1121 2054 Delia
1137 2011 1223 2070 mea,

161 2096 277 2193 viginti
288 2094 409 2168 abhinc
423 2091 562 2180 saecuiis,
579 2120 630 2166 me
645 2108 735 2164 tenet
746 2091 890 2164 vinctum
900 2092 980 2166 dives
989 2095 1020 2164 io
1032 2095 1141 2193 e'gomo
1152 2097 1226 2170 lori-

161 2211 220 2285 dm
236 2208 338 2283 Orcus
346 2216 462 2307 now,
476 2225 507 2280 et
518 2208 837 2306 meipraeternomen
850 2207 933 2280 nihil
944 2227 1128 2308 superest...
1145 2213 1225 2310 Quo

161 2326 270 2401 animo
281 2351 332 2397 me
342 2338 440 2422 putas
450 2322 484 2394 in
494 2321 688 2418 interpretes
701 2350 787 2410 esse,
804 2351 944 2424 quorum
957 2323 1069 2398 nuilus
1084 2328 1222 2415 exstitit,

162 2439 243 2541 quin
257 2460 309 2511 me
321 2434 438 2536 ¹aliquo
453 2432 617 2507 vocabulo
634 2434 818 2537 spoliaret?
836 2437 914 2535 Quo
927 2438 961 2510 in
979 2437 1150 2526 librarios,
1168 2443 1224 2542 qui

162 2552 307 2627 codicem
322 2576 421 2648 super
438 2548 550 2622 codice
565 2556 810 2638 coacervantes,
834 2580 876 2624 ne
892 2549 1075 2625 litterarum
1094 2556 1225 2655 quidem

162 2669 281 2742 ductus
297 2691 426 2737 servare
441 2663 568 2750 idonei,
583 2664 721 2770 Elegos,
742 2694 826 2767 quos
843 2666 1038 2757 cecineram,
1054 2668 1176 2745 soedum
1190 2672 1224 2744 in

159 2784 293 2859 modum
311 2781 561 2855 desormarunt?
578 2783 657 2876 Quo
674 2783 804 2856 tandem
822 2784 856 2855 in
874 2784 966 2881 ipsos
985 2786 1145 2872 editores,
1167 2790 1224 2887 qui

159 2894 243 2971 nihii
257 2922 325 2967 non
336 2894 456 2979 fecere,
474 2910 513 2964 ut
528 2893 629 2980 mala,
648 2894 698 2967 vel
717 2895 850 2994 potius,
869 2914 907 2966 ut
922 2895 1099 2967 calumnias
1117 2896 1158 2968 de
1172 2925 1224 2970 me

158 3017 265 3113 deque
287 3008 381 3083 Delia
403 3007 729 3107 pervulgarent?....
812 3012 907 3083 Nunc
931 3039 1045 3083 rumor
1065 3012 1153 3110 apud
1171 3014 1224 3085 in·

157 3130 244 3205 feros
261 3144 330 3213 est,
361 3142 393 3198 te
415 3152 546 3226 quoque
568 3153 672 3220 nugas
691 3142 762 3197 tuas
791 3123 925 3197 illorum
948 3123 1079 3198 delictis
1104 3127 1224 3204 addere

158 3244 258 3331 velle,
277 3264 460 3341 novamque
475 3239 582 3312 moliri
602 3239 798 3326 editionem3
820 3269 891 3341 quae
912 3269 1007 3314 causa
1023 3241 1099 3329 fuit,
1118 3262 1224 3318 curte

158 3361 414 3444 conveniremus.
435 3352 598 3443 Praedico,
621 3373 653 3429 et
671 3385 804 3455 precor,
822 3387 839 3430 a
857 3374 950 3430 tanto
969 3356 1106 3432 vulnere
1119 3359 1225 3433 absti-

158 3494 253 3560 neas3
267 3501 342 3546 nam
353 3471 380 3544 si
389 3470 598 3571 propositum
607 3470 720 3543 eodem
729 3471 844 3556 modo,
856 3500 922 3570 quo
934 3469 1053 3571 reliqui
1063 3472 1221 3563 editoreS,

158 3590 305 3696 perficis,
324 3585 375 3662 res
392 3615 529 3687 prorsus
545 3587 580 3659 in
600 3586 782 3686 desperatis
799 3603 898 3685 atque
919 3586 1057 3685 perditis
1070 3586 1223 3662 habenda

162 3709 240 3795 erit,
253 3704 452 3779 utlubenter
465 3701 625 3802 quidquid
640 3730 769 3802 papyro
783 3701 1025 3788 mandaveram,
1040 3701 1108 3797 igni
1123 3703 1225 3776 devo-

162 3825 302 3895 randum
316 3819 545 3894 concesserim.
561 3819 693 3891 Fercem
707 3811 833 3906 tamen,
851 3816 878 3889 si
890 3834 1057 3905 truncata,
1070 3818 1097 3890 si
1112 3845 1224 3891 manca

198 4097 274 4151 mn.
287 4096 338 4161 m,
354 4095 393 4148 nt.
408 4112 456 4161 ur,
471 4114 494 4144 v.
507 4093 545 4148 su.
