2722 4762
292 362 555 428 contentus
582 361 642 422 ET
663 361 992 425 EDlTlONlBUS.
1118 389 1172 427 axv

107 520 144 561 cx
159 498 291 561 extremis
315 496 346 555 in
364 494 518 573 principia,
536 515 570 555 ex
584 492 628 553 his
651 492 681 551 in
701 483 841 564 medium,
855 515 888 553 ex
902 493 959 553 hoc
973 492 1005 552 in
1019 504 1173 577 utrumque

107 597 206 658 locum
221 595 266 655 alii
280 605 309 652 et
325 590 371 651 atii
387 591 498 673 disjecti
517 590 589 662 sint,
611 602 639 650 et
655 592 769 672 quidem
783 592 841 665 ita,
859 605 910 663 ut,
929 591 1023 674 quod,
1040 592 1095 651 nisi
1112 592 1173 654 data

106 715 209 773 opera,
222 705 250 753 et
260 712 361 774 magna
375 711 440 751 cum
453 702 533 760 arte,
550 687 610 748 fieri
623 688 669 750 vix
682 689 840 764 potuisset,
854 710 967 750 sensum
985 689 1174 771 qualemcun-

109 812 166 872 que
175 790 360 851 constituant.
371 789 439 847 Hoc
453 784 478 845 si
492 783 608 846 eredere
625 783 773 858 debemus,
787 807 847 845 non
858 787 914 867 jam
928 786 1007 862 plura
1017 786 1052 845 de
1063 798 1176 847 atomo-

107 910 170 948 rum
187 887 308 948 sortuito
324 906 468 946 concursu
487 905 552 943 cum
564 883 682 961 Epicuri
696 883 839 961 discipulis
857 884 1001 965 disputare
1013 884 1088 944 licet.
1104 886 1175 945 Non

107 1008 176 1047 vero
190 996 302 1047 tantum
324 984 434 1044 ratione
457 980 622 1051 destituitur
643 982 673 1041 id
693 983 862 1054 consilium,
890 982 1039 1074 sedetiam
1059 981 1175 1061 pericu·

108 1083 199 1145 losum
215 1094 259 1145 est
272 1094 302 1142 et
314 1082 382 1143 aleae
394 1083 519 1162 plenum.
537 1082 611 1140 Nam
627 1080 750 1157 primum
761 1081 791 1140 in
804 1092 879 1139 unta
891 1080 1090 1163 ingeniorum,
1100 1104 1173 1144 sen-

109 1203 189 1241 snum
208 1202 240 1240 ac
254 1180 428 1263 judiciorum
442 1179 603 1242 diversitate
618 1178 813 1260 unusquisque
824 1179 879 1238 alio
894 1178 1006 1260 alioque
1018 1179 1107 1240 modo
1126 1181 1174 1240 has

108 1276 342 1354 transpositiones
351 1277 487 1351 instituit,
498 1278 556 1358 pari
565 1288 658 1336 tamen
665 1277 728 1357 jure
737 1299 825 1357 quum
833 1276 919 1337 semel
927 1299 961 1336 ex
968 1277 1085 1337 arbitrio
1092 1298 1175 1359 agere

110 1389 232 1453 coeptnm
254 1376 310 1451 sit:
336 1388 397 1435 tum
417 1375 441 1436 si
457 1376 542 1435 semel
567 1375 639 1436 illud
659 1375 741 1456 sequi
763 1364 899 1455 cruperis,
913 1375 986 1434 intra
1005 1396 1078 1456 quos
1103 1375 1173 1447 finc's

109 1478 321 1539 consistendum
336 1478 394 1550 sit,
406 1498 557 1558 quousque
573 1473 707 1557 progredi
722 1473 819 1548 liceat,
833 1475 864 1533 iu
877 1473 937 1534 aliis
954 1494 1070 1555 quoque
1083 1476 1174 1555 scrip·

109 1578 235 1653 toribus,
253 1577 299 1638 vix
310 1575 420 1637 definiri
436 1588 547 1656 potest3
566 1586 595 1636 et
606 1574 735 1648 nullum,
752 1573 891 1656 imprimis
903 1574 1075 1655 elegiacum,
1094 1575 1173 1656 quod

110 1679 225 1762 singulis
241 1677 301 1738 fere
315 1675 441 1736 distichis
451 1672 753 1768 sententiam-claudit,
766 1694 877 1733 carmen
892 1673 963 1746 erit,
976 1672 1006 1731 in
1020 1695 1079 1754 qno
1094 1695 1171 1746 non,

111 1775 254 1852 discerptis
271 1787 301 1837 et
316 1773 351 1834 ad
366 1783 472 1834 certam
485 1773 624 1833 rationem
637 1769 805 1847 compositis
821 1770 968 1843 versibus,
980 1791 1095 1831 sensum
1108 1773 1175 1832 satis

112 1875 291 1938 commodum
303 1874 412 1935 efficere
425 1871 551 1934 metelle
567 1871 655 1931 ausim
670 1870 806 1945 recipcre.
818 1869 885 1929 Hoc
898 1881 994 1929 tamen
1009 1870 1174 1930 institutum

110 1972 262 2054 probavere
275 1970 476 2032 Brouhhusius
491 1969 582 2031 etalii
597 1981 615 2027 ¹.
632 1966 689 2030 Sed
705 1965 760 2029 riri
776 1965 855 2026 docti
868 1967 984 2048 genium
997 1966 1094 2052 elegia
1112 1989 1172 2028 non

109 2072 172 2132 satis
184 2082 362 2153 perspectum
375 2069 521 2130 habehant.
534 2066 615 2141 Quid
626 2065 718 2140 enim,
735 2086 849 2146 queso,
866 2078 925 2139 est‚
937 2066 968 2125 in
981 2088 1040 2147 quo
1054 2067 1172 2127 marium

56 2230 61 2238 ,
109 2170 152 2230 illa
171 2167 318 2231 versatur?
331 2191 366 2229 an
382 2168 413 2227 in
428 2167 525 2227 subtili
544 2166 637 2248 aliqua
656 2178 687 2243 et
704 2164 739 2224 ad
759 2164 916 2226 dialectices
933 2165 1042 2251 regulas
1059 2179 1170 2240 exacta,

109 2289 201 2331 severa
217 2280 246 2328 et
260 2267 357 2328 acerba
374 2287 468 2326 rernm
483 2265 528 2328 vel
543 2261 747 2326 sententiarum
766 2264 911 2346 positione
931 2278 960 2325 et
973 2265 1172 2329 castratione?

106 2386 142 2426 an
153 2366 184 2426 in
199 2386 254 2438 eo,
270 2376 319 2439 ut,
334 2385 399 2445 quae
420 2361 550 2444 diligenti
571 2362 800 2425 consideratione
815 2375 845 2425 et
863 2365 954 2424 multo
975 2365 1083 2447 jndicio
1100 2388 1171 2427 exe-

108 2464 199 2546 geris,
214 2462 343 2546 diligenti
363 2473 393 2523 et
413 2461 544 2543 castigata
560 2460 688 2526 oratione
707 2464 854 2544 exponas?
872 2465 965 2524 lmmo
981 2486 1050 2526 vero
1066 2464 1097 2522 in
1115 2466 1172 2526 hoc

107 2562 168 2643 ejus
183 2561 329 2643 ingenium
344 2571 373 2621 et
390 2570 488 2620 natura
505 2560 685 2631 continetur,
703 2570 736 2618 ut
751 2559 837 2617 animi
854 2560 990 2620 commoti
1007 2581 1038 2620 ac
1053 2575 1170 2642 pertur-

107 2656 167 2718 hati
180 2677 278 2716 seusus
293 2668 323 2717 et
335 2645 499 2717 affectiones
514 2676 564 2716 scu
578 2653 724 2716 molliores
738 2674 790 2713 seu
804 2676 838 2714 ex
849 2656 978 2736 graviore
994 2655 1103 2734 impetu
1116 2661 1170 2739 jam

109 2755 239 2815 remissas
254 2766 283 2814 et
294 2748 465 2815 subsidentes
482 2753 620 2835 exprimat
629 2765 650 2808 ¹.
665 2754 703 2811 In
716 2752 772 2813 hoc
787 2764 903 2834 regnat;
919 2752 950 2811 in
966 2753 1022 2813 hoe
1037 2765 1098 2815 tota
1112 2769 1172 2830 est;

109 2852 167 2913 hoc
182 2852 354 2930 praecipuum
366 2863 563 2937 argumentum
576 2851 630 2911 sibi
644 2849 820 2933 tractandum
833 2852 936 2924 sumit,
954 2875 1047 2933 neque
1063 2865 1170 2918 temere

90 2953 92 2955 ’
108 2948 201 3009 adalia
212 2951 321 3012 avocari
333 2949 427 3013 debet.
444 2950 540 3024 Quare
552 2949 642 3011 illut?
662 2949 745 3031 quia,
760 2971 826 3009 cum
834 2949 954 3031 singulis
965 2948 1095 3013 distichis
1106 2974 1169 3013 sen·

109 3054 196 3115 tentia
211 3055 335 3129 finiatur,
351 3078 413 3116 uon
426 3055 481 3115 nisi
495 3054 613 3139 singulte
626 3066 655 3114 et
668 3078 683 3116 a
696 3077 727 3117 se
739 3056 861 3118 invicem
872 3052 1008 3138 sejunctae
1020 3060 1168 3122 sententiae

110 3152 140 3211 in
154 3172 185 3212 cs
201 3152 269 3233 poni
286 3163 416 3233 possunt.
431 3152 504 3213 llaec
515 3164 574 3227 cst,
591 3152 615 3211 si
631 3153 692 3231 ejus
703 3150 830 3210 indolem
845 3164 921 3212 recte
933 3152 1091 3234 perspicio,
1105 3178 1170 3218 vera

110 3271 218 3322 caussa,
230 3271 281 3310 cur
293 3247 419 3309 motibus
431 3249 515 3308 animi
526 3245 714 3329 exprimendis
725 3250 807 3311 unice
817 3249 952 3310 destinata
962 3250 1010 3311 sit.
1027 3252 1081 3310 Uti
1092 3254 1169 3334 prin-

111 3346 186 3428 cipio
202 3346 292 3406 luctui
303 3359 332 3407 et
347 3347 471 3407 tristitiae
482 3337 728 3424 inserviebatis
743 3367 876 3408 successu
886 3351 1023 3431 temporis
1033 3350 1064 3410 in
1074 3373 1170 3417 amore
1239 3424 1243 3429 p

144 3558 152 3587 ¹
170 3554 222 3606 Sed
233 3554 285 3627 jsm
295 3556 362 3609 illud
372 3557 532 3631 reprehendit
542 3570 631 3630 preter
641 3557 765 3630 Vulpium
778 3562 955 3631 Ayrmaunus,
968 3562 990 3630 S
1003 3563 1047 3632 69,
1061 3562 1083 3631 S.
1093 3582 1131 3631 7¹·

143 3684 155 3714 ²
169 3682 243 3736 Recte
254 3683 370 3739 Boileurs
380 3686 408 3738 in
417 3688 478 3738 Arte
489 3706 534 3740 sus
544 3704 551 3739 τ

354 3804 371 3842 u
380 3806 422 3843 nn
429 3817 467 3856 qus
474 3805 492 3844 ιι
499 3790 551 3843 esis
558 3805 599 3844 seu
607 3805 661 3856 put·
671 3805 718 3844 aas·
726 3791 812 3855 unqu

142 3915 153 3949 ¹
164 3915 296 3986 Principio
308 3918 373 3982 dixi,
382 3918 515 3971 Horatium
527 3931 645 3988 sequutus
657 3930 718 3970 noto
729 3917 786 3972 loeo
796 3918 849 3971 Art.
859 3919 889 3987 75
900 3937 951 3988 sq„
965 3935 1018 3969 nou
1027 3919 1098 3988 quasi
1110 3920 1176 3995 clegi

113 4001 219 4055 omuino
239 4023 253 4055 s
266 4002 426 4073 querimonia
442 4003 625 4077 processerint:
638 4003 765 4073 antiquior
777 4022 864 4055 conam
882 4020 942 4054 usus
955 4001 1003 4053 luit
1015 4001 1042 4054 in
1061 4003 1177 4058 brevibus

111 4085 238 4139 sententiis
245 4084 331 4141 ethicis
345 4123 352 4154 ‚
366 4085 466 4158 gnomis
473 4098 497 4138 et
507 4086 633 4157 preceptis
644 4087 712 4143 rito.
721 4085 794 4141 Tales
803 4085 872 4147 suere
880 4082 945 4156 elegi
952 4082 1119 4157 Theognidis,
1128 4089 1177 4142 So·

936 4282 939 4291 ¹
972 4198 988 4254 d

996 4414 1009 4471 l
