2722 4762
220 345 283 426 xxvj
605 341 666 400 DE
695 340 891 404 TlBULLl

217 488 247 537 et
260 475 320 557 ejus
333 472 409 534 curis
423 469 582 551 precipuus
596 469 694 553 elegis
704 478 772 532 usn's
781 467 837 529 luit
846 512 855 543 ‚
865 466 1023 549 mansitque
1034 467 1118 530 etiarn
1127 470 1202 546 apud
1214 490 1282 547 eos,

217 574 267 657 qui
283 573 361 633 lusus
378 581 486 632 tantum
509 568 635 652 ingenii,
652 590 712 630 non
732 589 815 631 veros
835 588 964 641 amores,
980 568 1102 630 carmine
1120 591 1281 652 perseque-

217 684 334 735 rentur:
347 668 377 729 id
389 667 468 750 qnod
483 670 536 749 jam
552 668 587 729 ab
603 666 711 729 ovidio
727 667 841 731 factum.
854 670 889 729 ln
903 668 979 733 curis
991 691 1061 731 vero
1072 671 1176 732 amoris
1193 673 1284 754 expri-

216 769 326 832 mendis
343 753 474 828 omniane
485 764 630 847 aqualiter
643 766 797 847 procedere
810 781 951 849 possunt,
962 781 995 828 ut
1006 767 1057 831 alia
1067 768 1148 829 sliam
1162 781 1284 834 senten-

215 869 300 942 tium,
309 865 397 927 veluti
407 866 437 924 in
453 885 585 927 sermone
601 887 666 927 cum
680 865 790 928 ratione
801 877 831 925 et
847 866 935 928 multa
949 865 1151 932 deliberatione
1164 889 1284 950 compo

181 986 185 994 ’
215 970 272 1031 sito
288 979 318 1027 et
333 965 482 1048 diligenter
498 963 639 1027 elaborato
649 1007 660 1038 ,
672 965 810 1047 excipiat?
828 967 897 1028 Non
912 968 1014 1038 credo;
1026 966 1076 1028 sed
1088 967 1163 1028 utin
1174 979 1283 1031 ammte

214 1066 286 1126 alius
305 1065 391 1127 alium
415 1062 501 1124 animi
521 1074 632 1127 motum
649 1063 759 1138 trudit,
776 1076 877 1146 urget3
894 1064 932 1126 ita
952 1065 1124 1139 sententias,
1140 1087 1202 1127 non
1217 1065 1283 1126 satis

214 1165 268 1225 sibi
286 1162 509 1247 respondentes,
526 1182 618 1243 neque
638 1162 754 1226 arctiori
776 1162 892 1225 vinculo
908 1165 1036 1245 junctas,
1051 1163 1153 1245 subjici
1170 1183 1285 1226 neeesse

214 1278 268 1326 est.
283 1266 450 1327 Amatorem
464 1264 551 1327 modo
570 1263 727 1345 supplicem
745 1284 822 1336 esse,
839 1263 928 1325 modo
941 1263 1108 1346 superbire,
1124 1285 1202 1325 nnnc
1214 1282 1281 1344 pre-

214 1364 286 1438 cari,
304 1362 469 1436 obsecrare,
488 1361 576 1425 modo
591 1364 702 1441 jurare,
720 1362 837 1434 minari,
855 1373 974 1436 tonare,
990 1361 1135 1424 interdum
1151 1362 1283 1435 laudare,

214 1463 380 1546 objurgare,
390 1462 488 1525 dolere
498 1504 508 1534 ,
520 1460 661 1543 gaudere,
674 1459 756 1522 irasci
765 1461 904 1524 ridemus.
915 1465 1022 1524 Nonne
1035 1485 1100 1524 cnm
1113 1462 1226 1524 ratione
1236 1463 1282 1547 in·

214 1564 333 1635 uniret,
347 1561 413 1643 qui,
426 1572 458 1621 ut
474 1561 504 1619 in
517 1558 613 1621 sedato
631 1557 767 1620 orationis
783 1577 908 1640 genere,
924 1559 1000 1620 nulla
1016 1558 1072 1620 nisi
1087 1572 1190 1637 aptast
1207 1581 1284 1624 con-

213 1685 281 1725 nexa
291 1665 368 1722 inter
382 1683 412 1722 se
422 1660 551 1738 prolerre
565 1658 670 1718 vellet?
687 1660 786 1739 ltaque
796 1658 892 1721 mirari
905 1679 965 1719 non
977 1658 1112 1721 debemus
1123 1703 1133 1734 ,
1144 1660 1170 1720 si
1181 1659 1213 1720 in
1224 1660 1283 1721 ele-

212 1762 258 1845 gia
274 1760 409 1821 dissidere
418 1757 563 1819 interdum
576 1756 683 1837 aliquid
698 1767 728 1817 et
739 1756 833 1829 hiere,
847 1777 935 1838 eaque
949 1778 980 1818 se
992 1756 1121 1838 excipere
1132 1756 1280 1831 videmus,

213 1880 337 1940 quornm
353 1879 440 1918 nexus
456 1878 518 1918 non
533 1878 548 1916 a
565 1855 661 1916 subtili
678 1853 803 1936 judicio,
818 1853 870 1916 sed
882 1853 917 1914 ab
927 1854 1013 1914 animi
1025 1853 1146 1915 districti
1161 1855 1238 1916 curis
1254 1867 1284 1916 et

215 1957 246 2016 in
262 1954 402 2016 contraria
416 1955 489 2036 rapti
502 1953 611 2030 impetu
622 1950 766 2033 proficisci
777 1951 881 2029 potuit.
894 1951 1011 2014 Scilicet
1020 1952 1138 2014 amantis
1147 1966 1209 2015 tum
1220 1976 1284 2015 sen·

213 2076 277 2114 sum
292 2054 372 2134 quasi
386 2054 520 2127 induere,
539 2054 599 2133 ejus
616 2062 720 2113 statum
734 2062 764 2110 et
778 2048 974 2112 conditionem
985 2048 1080 2112 subire
1091 2063 1121 2112 et
1135 2064 1165 2111 te
1176 2051 1208 2112 in
1222 2053 1282 2134 ejus

214 2154 312 2214 locum
321 2156 352 2214 in
363 2155 457 2219 animo
470 2165 524 2214 tuo
535 2172 685 2232 sus-rogare
698 2150 792 2211 debes.
805 2150 880 2224 Quae
894 2173 982 2232 quum
996 2151 1035 2212 ita
1045 2173 1076 2212 se
1088 2152 1209 2226 hebere,
1221 2173 1282 2215 non

214 2250 268 2313 levi
285 2250 392 2332 judicio
410 2251 566 2327 adductus,
579 2249 745 2326 arbitrarer,
758 2250 850 2310 alieno
867 2271 978 2327 suuper
993 2250 1036 2313 fui
1049 2251 1172 2314 animos
1189 2252 1282 2315 Scali-

215 2349 324 2431 gemnis
341 2346 571 2428 trajectionibus,
587 2368 655 2428 ques
670 2345 868 2411 Brmrlhusius
883 2359 939 2408 tam
955 2348 1056 2426 cupide
1069 2361 1113 2411 est
1128 2350 1283 2431 amplexus.

216 2447 273 2508 Sed
289 2446 431 2509 videamus
447 2466 524 2507 nunc
539 2444 575 2505 de
590 2446 650 2526 ejus
666 2446 832 2509 recensione
848 2446 1038 2509 accuratius.»

259 2562 274 2592 c
287 2536 381 2610 Quam
391 2533 496 2598 infesto
505 2535 551 2599 vir
560 2557 686 2603 summus
697 2534 884 2599 sueritanimo
892 2536 922 2596 in
931 2534 1148 2598 Muretumsatis
1158 2547 1281 2596 constat.

215 2733 282 2786 lonis
296 2745 320 2785 et
332 2731 450 2786 aliorum.
468 2732 613 2786 Translatus
624 2753 724 2805 quoqne
736 2735 769 2787 ad
782 2755 867 2788 sensus
884 2747 909 2786 et
919 2736 1021 2789 aliectus
1035 2735 1114 2788 animi
1126 2754 1213 2789 sorum
1224 2755 1283 2789 usus

215 2812 323 2865 multum
335 2812 474 2864 elementis
487 2812 583 2878 abluit,
597 2814 618 2866 si
630 2816 758 2884 Tyrtaeum
770 2816 926 2868 memineris,
935 2816 976 2868 Ad
990 2816 1116 2868 molliores
1126 2835 1212 2874 sensus
1224 2816 1283 2868 red·

217 2896 311 2947 dendos
323 2894 439 2945 adhibuit
452 2896 535 2964 elegos
548 2897 707 2960 Simonides,
719 2899 833 2948 nondum
845 2911 930 2949 tamen
940 2916 1034 2968 genere
1045 2899 1130 2971 aliquo
1142 2899 1282 2952 carminum

217 2979 350 3034 constituto
365 2978 423 3028 satis
437 2995 465 3028 ae
479 2975 591 3030 delinito.
605 2980 691 3049 ltaque
703 2981 768 3032 inter
778 2981 923 3050 sequiorurn
936 2982 1010 3032 etiam
1024 2995 1126 3035 letatum
1143 2996 1226 3056 poetas
1237 2984 1282 3036 vi-

218 3063 288 3117 debis
300 3062 363 3113 alios
377 3079 470 3133 genere
480 3061 592 3132 elegiaco
606 3082 742 3126 ramesse,
756 3063 819 3115 alios
831 3063 922 3136 elegias
936 3067 1069 3137 scripsisse.
1080 3066 1175 3119 Prioris
1185 3069 1283 3139 generis

217 3158 296 3217 poetae
312 3143 479 3210 narrationes,
496 3144 622 3218 hymnos,
641 3159 667 3200 et
681 3146 732 3199 alis
749 3160 897 3218 argumenta
916 3147 965 3201 hoc
978 3150 1092 3201 carmine
1109 3150 1282 3214 incluserunt3

218 3228 286 3303 quod
298 3247 324 3280 se
337 3229 528 3282 commendabat
539 3229 651 3282 sensibus
662 3249 706 3297 per
718 3230 806 3284 breves
818 3233 930 3303 strophas
944 3231 1017 3286 facile
1030 3234 1167 3306 expeditis,
1180 3237 1225 3288 eui
1237 3256 1284 3289 neo

219 3316 249 3368 de
263 3333 293 3365 eo
302 3313 361 3364 satis
372 3313 476 3365 solliciti
487 3325 573 3376 mant,
586 3326 615 3366 nt
628 3314 777 3366 sententiam
789 3316 904 3392 stropha,
916 3336 960 3371 seu
969 3316 1037 3370 binis
1050 3317 1161 3372 versibus
1171 3318 1283 3372 linirent.

218 3399 319 3449 Verum
332 3409 383 3449 arte
396 3397 492 3470 poetica
503 3398 583 3469 magis
597 3398 703 3470 expolita
719 3413 743 3450 et
755 3401 872 3459 carminis
890 3421 982 3474 genere
997 3401 1082 3471 aliquo
1100 3422 1129 3454 ex
1142 3405 1283 3475 argumenti

218 3481 305 3538 indole
318 3494 342 3532 et
353 3480 505 3533 mactationis
516 3493 604 3533 natura
617 3483 753 3534 accuratius
765 3484 899 3535 constituto
911 3485 1064 3538 intellectum
1078 3499 1131 3554 est,
1148 3488 1229 3540 animi
1243 3490 1285 3540 ai-

218 3572 298 3622 iectus
310 3565 439 3619 molliores
453 3578 572 3635 tanquam
584 3566 715 3620 materiem
728 3569 852 3640 proprium
867 3568 989 3640 subjectos
1003 3570 1089 3642 elegite
1103 3591 1171 3639 esse,
1193 3573 1221 3625 in
1235 3592 1284 3643 qua

219 3653 259 3705 illi
275 3648 426 3703 versandum
446 3662 515 3701 esset.
537 3650 592 3701 Nec
609 3663 692 3702 tamen
713 3651 777 3702 intre
793 3652 846 3723 ejus
860 3650 922 3704 fines
938 3654 1044 3708 omnino
1061 3676 1087 3708 se
1105 3658 1288 3714 continuerunt

219 3737 344 3811 principes
358 3733 611 3801 reminiscentem,
624 3734 751 3801 Csllinus,
765 3737 949 3804 Mimnermus,
964 3738 1088 3806 Philetas,
1103 3740 1283 3805 Callimachus,

221 3834 344 3892 qnantum
363 3841 391 3872 ex
411 3819 558 3890 fragmentis
575 3832 599 3869 et
612 3819 782 3872 emulantium
802 3842 843 3873 eos
861 3836 988 3895 poetarum
1006 3825 1177 3878 Romanorum
1194 3823 1284 3878 studiis

221 3905 387 3976 intelligitur3
406 3905 440 3956 ita
454 3915 482 3955 ut
496 3903 602 3956 omnino
617 3908 668 3956 dno
682 3905 748 3957 inter
764 3927 790 3958 se
805 3907 901 3960 diversa
916 3913 1061 3963 connisum
1075 3930 1168 3979 garae
1185 3910 1284 3962 consti·

221 3988 316 4043 tuenda
327 4009 379 4044 esse
387 3990 533 4054 videantur,
542 3991 619 4042 alslsd
629 4009 707 4061 genus
717 3991 871 4062 elegiacum,
882 4007 983 4047 externo
995 3994 1081 4048 habitu
1092 4009 1116 4046 et
1124 3995 1281 4067 stropharum

222 4073 346 4137 brevittte¹
354 4075 387 4128 ad
399 4075 496 4130 diversa
509 4087 654 4146 argumenta
672 4076 783 4130 adhibita
794 4078 918 4147 notabile,
932 4083 989 4132 ulia
1002 4080 1083 4153 elegia
1095 4081 1193 4154 proprie
1207 4081 1281 4134 dicta.
